2452 3938
185 221 241 298 ‘50
572 254 743 300 accinimus

198 345 239 407 tia
259 346 450 421 ditissimum:
466 356 498 409 ut
512 348 536 410 si
549 348 613 430 ipse
626 349 736 427 lingere
751 347 797 429 (l)
815 346 913 436 uellet,
928 365 1028 430 neque
1039 350 1118 431 plura

198 444 277 506 hona
298 444 463 522 reminisci,
482 465 580 526 neque
604 445 716 507 maiora
740 455 839 527 posset
861 447 1016 529 consequi,
1034 465 1119 528 quam

197 541 242 603 rel
261 541 380 603 fortuna
397 543 441 603 vel
458 549 565 603 natura
588 535 743 604 tribuerat.
763 541 888 603 Ineunte
910 541 1121 620 adolescentia,

199 648 314 701 amatus
327 647 372 700 est
384 657 401 699 a
413 639 524 715 multis,
543 657 624 699 more
639 637 830 701 Graecorum:
851 640 883 700 in
895 638 938 701 eis
956 658 973 701 a
990 636 1122 720 Socrate,

198 736 234 798 de
253 755 311 816 quo
330 735 512 797 mentionem
532 735 603 797 lacit
623 734 706 797 Plato
730 736 776 817 (i)
795 736 828 797 in
853 729 1016 818 simposio.
1035 735 1124 799 Nam·

198 853 262 914 que
274 851 342 895 eum
357 833 474 895 induxit
488 842 783 909 commemorantem,
803 852 835 896 se
850 841 1122 915 pernoctassecum

198 929 330 1006 Socrate,
350 949 447 1011 neque
466 931 559 993 aliter
576 931 613 992 ab
633 950 668 994 eo
694 931 855 994 surrexisse
878 949 913 993 ac
930 931 1010 993 silius
1033 951 1123 1014 apo·

197 1037 283 1090 rente
300 1027 447 1090 debuerit.
473 1026 670 1111 Posteaquam
690 1028 841 1091 robustior
867 1037 916 1091 est.
933 1029 1046 1107 lactus,
1063 1044 1124 1093 nou

198 1126 298 1208 minus
323 1127 431 1188 multos
450 1127 571 1205 amavit,
595 1127 771 1209 inquorum
799 1141 913 1202 amore,
938 1127 1041 1208 quoad
1056 1127 1124 1190 licl-

198 1208 265 1285 tuni
279 1231 344 1300 est,
364 1223 467 1286 odiosa
486 1225 579 1287 multa
602 1224 728 1286 delicate
752 1224 911 1305 iocoseque
933 1224 1026 1286 lecit:
1049 1242 1127 1307 quoe
1170 1260 1173 1265 ·

197 1321 466 1403 referremusqnisi
490 1323 603 1384 maiora
622 1321 796 1402 potioraque
811 1321 1012 1384 haberemus.

122 1429 191 1527 hcl-f
239 1419 290 1482 iii.
310 1419 391 1481 Bello
419 1418 667 1501 peloponnesiaco
682 1416 742 1498 (3),
767 1416 857 1479 huius
885 1417 1011 1480 consilio
1037 1427 1128 1502 atque

137 1513 143 1526 ’
186 1500 392 1592 'auctoritate,
422 1515 616 1581 Athenienses
634 1515 744 1576 bellum
768 1511 960 1595 Syracusanis
977 1515 1026 1597 (l)
1044 1516 1127 1579 iudi-

198 1623 314 1676 xerunt:
337 1614 373 1675 ad
390 1613 469 1694 quod
487 1612 650 1690 gerendum
668 1612 732 1692 ipse
752 1611 811 1674 dux
832 1611 965 1675 delectus
981 1622 1038 1675 est.
1060 1613 1124 1676 Duo

200 1720 352 1793 praeterea
367 1711 495 1788 collegae
508 1709 579 1787 dati,
593 1708 691 1770 Nicias
707 1718 736 1771 et
745 1707 927 1771 Lamachus.
946 1708 979 1771 ld
994 1729 1062 1772 oum
1075 1730 1129 1792 ap·

199 1817 370 1889 pararetur,
397 1808 480 1889 prius
497 1826 586 1888 quam
607 1807 710 1869 classis
731 1807 835 1883 exiret,
862 1805 986 1885 accidit,
1006 1815 1041 1869 ut
1067 1821 1126 1871 utin

198 1915 285 1968 nocte
305 1924 407 1967 omnes
430 1904 556 1967 Hermae
572 1904 619 1986 (5)
639 1904 690 1986 qui
710 1902 744 1966 in
768 1904 877 1986 oppido
900 1912 986 1969 eraut
1002 1902 1138 1969 Athenis,

230 2115 260 2177 (ll
275 2119 392 2164 Summam
408 2117 452 2164 sihi
466 2115 594 2163 fortunam.

230 2185 262 2243 (2)
277 2180 443 2231 debilissimus
458 2185 518 2230 inter
540 2183 640 2228 socratis
655 2182 789 2243 discipulos.
804 2181 902 2228 ineunte
917 2180 992 2226 aetolo
1008 2181 1032 2227 lo
1048 2181 1129 2240 pelae-

200 2255 253 2301 strie
278 2256 385 2299 versatus
406 2252 487 2312 (quod
509 2253 590 2298 Graeci
610 2250 669 2297 illud
688 2251 807 2298 colerent:
830 2262 893 2294 meru
913 2261 972 2293 acon
992 2249 1019 2293 in
1032 2258 1132 2307 corpere

200 2323 274 2380 rano),
289 2321 356 2366 Plato
370 2320 416 2380 ibi,
436 2332 507 2377 quum
523 2323 592 2365 anteo
606 2321 730 2366 Aristocles
744 2318 833 2375 fuisset,
855 2317 985 2376 appellatus
1000 2317 1049 2375 est,
1065 2315 1130 2373 quod

201 2390 252 2434 latis
266 2387 372 2434 humeris
387 2388 453 2431 esset.
469 2387 521 2432 l’osl
534 2388 633 2432 socratis
652 2385 738 2445 fatum,
753 2387 867 2445 primum,
887 2381 1130 2442 Pythagoreorumq-

202 2469 263 2503 mam
279 2457 383 2515 serulus,
398 2455 422 2500 ln
438 2454 524 2499 ilaliam
536 2467 563 2500 se
578 2455 686 2513 contulit3
709 2456 762 2512 poet
782 2465 837 2499 vero
862 2453 1046 2510 inaegyptum,
1062 2450 1131 2496 culus

202 2524 343 2582 sacerdotes,
359 2524 479 2582 complura
491 2534 515 2568 se
530 2522 560 2568 de
578 2523 668 2578 graecis
683 2521 814 2579 originibus
834 2523 900 2579 scire,
925 2517 1046 2565 lactarent.
1061 2516 1132 2563 illaec

202 2593 319 2639 erroribus
331 2591 495 2650 amplificatam
512 2591 612 2636 Socraiis
626 2590 755 2635 doctrinam
767 2592 791 2635 in
807 2591 854 2635 suls
866 2588 975 2648 operibus
989 2585 1080 2645 retulit,
1098 2581 1141 2631 rar-l

203 2674 251 2719 que
266 2660 462 2716 academicorum,
477 2659 519 2716 qui
538 2659 658 2705 veritatem
674 2657 781 2703 homines
796 2658 905 2714 consequi
921 2667 989 2716 posse
1005 2653 1130 2711 negarent,

206 2732 314 2789 princeps
329 2727 425 2773 habitus
437 2727 479 2772 est.
498 2726 643 2786 symposium
655 2759 662 2784 ,
676 2725 706 2770 da
721 2737 769 2782 quo
790 2725 832 2770 liic
846 2726 934 2770 mentio
948 2725 984 2769 est
999 2723 1030 2778 (a
1044 2722 1134 2779 graecia

204 2796 303 2843 vocibus
318 2794 366 2853 coi,
378 2807 445 2850 cum,
457 2794 480 2840 el
491 2799 556 2853 πίνω,
574 2793 649 2851 dido),
668 2793 755 2839 librum
775 2791 907 2852 appellavit,
923 2791 948 2834 in
963 2800 1013 2846 quo
1028 2789 1132 2845 insigues

206 2865 333 2912 nonnullos
348 2865 409 2911 viros
421 2863 520 2910 comiter
535 2862 677 2908 Graecorum
690 2871 755 2905 more
771 2860 832 2904 inter
843 2856 965 2917 poculade
977 2856 1046 2900 variis
1061 2855 1135 2901 rebus

207 2937 333 2993 loquentes
348 2935 445 2980 inducit.
976 2974 979 2979 ,

239 3003 267 3060 (3¹
283 3004 433 3049 Athenienses
448 3002 587 3058 Corcyraeos
605 2998 688 3042 contra
707 2993 837 3040 Corinthios
852 2992 921 3038 ermis
943 2987 1095 3045 adlurerant3
1110 2986 1137 3033 ut

209 3071 289 3115 contra
298 3073 369 3116 iotam
380 3072 403 3115 iu
417 3069 564 3115 liheuienses
575 3067 759 3124 Peloponnesum
767 3063 909 3112 convertere.
917 3059 978 3104 llaec
990 3056 1047 3102 belii
1055 3067 1134 3112 cauam

205 3136 247 3182 ead
258 3139 282 3182 et
293 3138 398 3183 incendii
412 3137 508 3182 materie
519 3136 584 3181 vetus
595 3135 645 3178 erat
656 3132 717 3176 inter
725 3129 827 3176 Athenas
842 3126 1090 3182 Lacedaemonemque
1102 3123 1132 3168 de

210 3207 343 3265 principatu
358 3205 468 3250 Graeciae
482 3203 610 3262 conleutlo,
625 3212 684 3258 quae
696 3201 720 3243 ln
734 3198 874 3243 acerrimum
889 3191 1030 3252 quaudoque
1045 3189 1135 3236 bellum

210 3286 318 3319 exarsura
333 3275 416 3330 cuique
426 3270 561 3330 apparebat.
1070 3324 1075 3334 ι

238 3340 271 3397 ll)
282 3341 368 3386 Contra
382 3350 443 3396 quos
458 3337 488 3382 ab
500 3335 628 3394 ilgeslauis.
644 3334 738 3381 Siciliae
753 3332 857 3393 populo,
877 3328 972 3376 lucrant
984 3327 1009 3371 iu
1023 3323 1136 3369 ouxtllum

211 3409 395 3534 nclctgll'iiimiriiae
411 3473 500 3518 statuae
514 3469 622 3519 liercurli
637 3467 703 3516 luere
718 3468 820 3526 (graece
837 3463 934 3534 Ἑρμῆς)
944 3460 1050 3522 lapideae
1066 3457 1141 3517 eique
