2452 3938
253 393 573 512 udittttttti
619 415 900 512 nunonis

458 676 690 731 PRAEFATIO

148 876 219 956 ΑΙ)
240 873 397 954 ititttt
440 873 743 955 POMPONIUM
784 870 1006 953 ATTlCUM

161 1425 224 1490 Non
244 1424 361 1501 dubito,
382 1424 445 1486 fore
460 1423 630 1506 plerosque,
647 1421 757 1485 Arrius
776 1421 837 1503 (l),
856 1419 907 1503 qui
922 1419 978 1482 hoc
995 1438 1048 1519 go·⁴

121 1544 177 1589 nus
191 1522 354 1604 scripturae
370 1522 433 1584 leve
450 1531 480 1584 et
498 1540 556 1584 non
576 1520 647 1582 satis
661 1519 782 1599 dignum
800 1536 982 1581 summorum
1001 1517 1043 1579 vi·

122 1639 221 1685 rorum
242 1620 376 1701 personis
402 1618 544 1696 iudicent,
572 1636 663 1700 quum
690 1619 814 1680 relatum
839 1615 948 1694 legent,
978 1616 1045 1696 quis

123 1718 267 1780 musicam
287 1715 419 1778 docuerit
444 1712 694 1796 Epaminondam,
713 1723 764 1776 aut
783 1714 813 1775 in
831 1714 905 1774 *eius
927 1713 1045 1774 virtuti·

124 1815 180 1878 bus
196 1813 435 1890 commemorari,
454 1813 577 1875 saltasse
590 1829 657 1874 eum
676 1811 844 1887 commode,
858 1810 1046 1890 scienterque

125 1911 206 1974 tibiis
220 1919 365 1973 cantasse.
386 1906 443 1971 Sed
462 1908 493 1970 hi
513 1917 600 1971 erunt
615 1908 688 1985 lere,
708 1909 759 1991 qui
779 1916 913 1988 expertes
930 1905 1046 1967 littera·

125 2027 192 2072 rum
211 2025 395 2086 graecarum,
415 2007 490 2069 nihil
509 2015 636 2083 rectum,
658 2005 715 2066 nisi
735 2004 813 2086 quod
834 2006 966 2085 ipsorum
988 2020 1051 2063 mo-

127 2106 210 2168 ribus
228 2103 396 2181 conveniat,
416 2103 572 2185 putabunt.
586 2103 623 2164 itt
638 2103 663 2166 si
681 2102 849 2176 didicerint,
872 2119 931 2162 nun
946 2099 1048 2162 eadem

129 2202 268 2266 omnibus
287 2219 352 2264 esse
371 2200 494 2264 honesta
513 2210 601 2282 atque
625 2199 738 2280 turpia,
759 2199 808 2261 sed
829 2198 929 2260 omnia
955 2197 1051 2258 maio-

131 2317 197 2361 rum
216 2297 360 2360 institutis
371 2296 508 2374 iudicari,
528 2316 587 2358 non
600 2295 837 2373 admirabuntur,
851 2314 918 2379 nos,
937 2294 968 2355 in
981 2292 1053 2357 Gra·

130 2396 227 2458 iorum
242 2393 290 2475 (Ξ)
302 2394 460 2456 virtutibus
474 2393 667 2475 exponendis,
689 2411 785 2456 mores
800 2412 901 2457 eurum
921 2401 1051 2455 secutos.

131 2491 232 2573 Neque
254 2490 334 2552 enim
350 2489 465 2554 Cimoni
489 2491 544 2553 tuit
567 2500 664 2573 turpe,
687 2489 911 2554 Atheniensium
938 2509 1054 2553 summo

132 2589 206 2665 uiro,
223 2606 353 2650 sororem
366 2606 537 2667 germanam
554 2588 663 2651 hahere
678 2588 708 2650 in
729 2587 930 2664 matrimonio,
946 2588 1056 2669 quippo
1088 2584 1090 2588 '

136 2703 226 2766 quum
251 2684 327 2747 cives
343 2684 406 2748 eius
429 2685 534 2749 eodem
561 2693 715 2749 uterentur
731 2686 878 2748 instituto:
898 2695 927 2747 at
945 2684 975 2747 id
987 2684 1056 2766 qui·

166 2884 197 2940 tl)
213 2885 240 2931 Τ.
256 2885 295 2930 hle
311 2886 449 2944 Pomponius
463 2888 603 2944 cognomine
618 2887 685 2933 attint
701 2887 802 2934 donatus
814 2888 860 2947 cst,
873 2889 921 2933 luat
940 2886 1004 2944 quod
1019 2886 1060 2932 diu

140 2953 244 3012 Athenis,
260 2953 331 2998 llario
346 2953 455 3010 Sullaque
467 2955 618 3014 certantibus,
630 2956 757 3014 mansisset,
774 2957 823 3001 tum
836 2968 889 3001 vero
905 2953 968 3012 quod
981 2965 1061 3012 graeca

141 3023 221 3078 lingua
235 3021 403 3077 elegantissime
418 3023 529 3068 uteretur.
545 3023 678 3071 Praeclarus
693 3027 717 3070 in
730 3022 772 3069 illo
784 3026 844 3070 artes
860 3024 955 3081 multoe,
971 3034 998 3067 ac
1011 3022 1060 3068 lau·

140 3090 207 3137 dibus
222 3091 388 3136 memorandae
401 3089 477 3150 fuere,
492 3092 518 3136 ut
532 3103 559 3136 en
575 3093 625 3137 eius
639 3093 685 3137 ulta
699 3093 769 3152 potet,
781 3101 850 3147 quam
864 3092 985 3140 Cornelius
1005 3091 1062 3134 ami-

140 3159 207 3203 clllac
224 3169 280 3214 ergo
294 3160 402 3203 exaravit.
424 3157 483 3204 illud
499 3170 555 3204 vcro
570 3171 654 3218 parum
669 3159 788 3205 tolerabile
811 3157 873 3219 luit,
895 3158 958 3216 quod
978 3158 1063 3204 Sullam

141 3237 195 3269 cum
208 3225 288 3283 Bruto,
306 3226 441 3293 Ciceronem
457 3237 510 3270 cum
531 3227 619 3284 Clodio,
635 3229 715 3273 Fulvia
730 3229 753 3273 el
768 3229 880 3286 inlunio,
895 3227 991 3271 virtutes
1002 3228 1065 3284 ipsas

140 3303 194 3336 cum
210 3292 282 3349 vitiis,
296 3304 352 3337 suae
368 3292 542 3348 quodammodo
553 3295 665 3340 amicitiae
675 3307 736 3339 nexu
752 3295 852 3340 sociarit,

171 3357 201 3418 (2)
215 3359 262 3404 flac
278 3359 435 3417 appellatione
447 3359 556 3407 Hellenes
571 3363 654 3407 italicis
665 3361 774 3419 gentibus
789 3362 919 3408 innotuere.

333 3496 373 3575 0
