2452 3938
469 259 687 306 rnamsrocuns
999 242 1041 305 25

123 353 209 418 tidem
228 368 317 414 naves
332 348 479 413 triremes:
499 371 613 434 suaque
631 352 743 428 omnia,
763 369 839 434 quae
856 352 1042 436 moveripo-

121 458 226 528 terant,
246 447 355 530 partim
371 444 530 510 -Salamina
548 448 614 529 (1),
633 449 741 530 partim
758 448 908 511 Troezena
926 447 987 528 (E),
1007 468 1042 510 a·

120 554 263 628 sportant;
277 562 375 607 arcem
388 544 591 606 sacerdotibus
606 545 768 627 paucisque
783 544 946 607 maioribus
958 554 1043 619 natu,

122 663 155 707 ac
171 661 257 704 sacra
274 641 459 723 procuranda
475 641 595 704 tradunt
602 642 663 724 (3),
682 643 831 724 reliquum
843 641 985 723 oppidum
998 659 1044 703 re·

122 740 271 821 linquunt.

159 834 211 899 111.
232 834 327 896 Huius
347 833 506 897 consilium
530 833 679 917 plerisque
707 835 876 899 civitatibus
902 833 1043 916 displice·

121 933 171 999 bat
188 940 220 994 et
238 934 268 994 in
298 940 376 994 terra
402 932 537 994 dimicari
556 931 649 1010 magis
673 931 819 1012 placebat.
837 930 941 1013 ltaque
960 931 1044 993 missi

121 1039 189 1095 eunt
207 1029 314 1091 delecti
330 1047 398 1091 cum
415 1027 547 1091 Leonida
564 1027 870 1090 Lacedaemoniorum
886 1046 967 1107 rege,
992 1028 1044 1108 qui

120 1127 331 1207 Thermopylas
349 1125 396 1206 (d)
415 1135 606 1206 occuparent,
626 1127 801 1208 longiusque
816 1126 958 1189 barbaros
977 1143 1044 1205 pro·

120 1223 201 1304 gredi
219 1242 280 1285 non
299 1229 481 1305 paterentur.
506 1220 542 1283 Hi
569 1222 628 1284 rim
658 1223 787 1286 hostium
813 1243 873 1285 nou
896 1222 1044 1285 sustinue-

120 1331 201 1399 runt,
220 1338 317 1401 eoque
328 1321 393 1382 loco
408 1339 512 1382 omnes
529 1320 720 1384 interierunt.
738 1321 776 1382 At
792 1310 895 1383 clas'sis
909 1337 1044 1381 commu·

121 1419 165 1481 uis
192 1417 334 1482 Graeciae
362 1425 558 1480 trecentarum
588 1419 727 1495 uarium,
754 1418 785 1480 in
815 1436 875 1499 qua
898 1416 1045 1478 ducentae

122 1523 205 1579 erant
219 1513 466 1590 Atheniensium,
486 1515 614 1596 primum
631 1514 710 1595 apud
721 1514 911 1578 Artemisium
927 1513 987 1593 (5),
1000 1513 1046 1574 in·

123 1623 165 1676 ter
181 1612 335 1674 Euboeam
355 1611 618 1693 continentemque
646 1620 768 1689 terram,
792 1631 859 1675 cum
886 1611 1046 1673 classiariis

123 1710 197 1788 regis
210 1707 354 1770 condixit:
375 1708 524 1787 angustias
542 1709 622 1771 enim
637 1708 851 1772 Themistocles
866 1707 1041 1790 quaerebat,

123 1824 157 1868 ne
184 1805 376 1868 multitudine
397 1805 615 1868 circumiretur.
636 1805 729 1882 Hinc,
758 1806 814 1868 etsi
836 1805 901 1887 pari
928 1804 1044 1886 proelio

124 1903 330 1979 discesserant,
350 1912 450 1965 tamen
469 1902 574 1966 eodem
590 1904 655 1965 loco
670 1923 729 1966 non
747 1913 816 1966 sunt
829 1902 896 1966 ausi
910 1919 1044 1975 manere,

124 2000 197 2082 quod
221 2009 286 2063 erat
309 2001 474 2082 perieulum
494 2021 549 2079 ne,
579 2002 605 2063 si
627 2020 696 2083 pars
714 2002 834 2068 navium
858 1999 1045 2063 adversario·

124 2114 185 2160 rum
202 2098 250 2180 (6)
265 2097 417 2162 Euboeam
436 2106 616 2182 superasset,
636 2098 759 2180 ancipiti
778 2104 985 2179 premerentur
996 2113 1047 2176 pe·

150 2337 181 2392 tl)
195 2337 276 2383 Insula
289 2334 334 2381 luit
348 2335 415 2381 maris
432 2336 523 2396 Aegaei,
538 2335 708 2381 recentioribus
725 2334 826 2379 Golourr‘.

61 2396 63 2400 ⁴
151 2403 184 2461 (2)
198 2403 257 2449 Urbs
276 2403 319 2448 luit
334 2402 446 2461 Argolidia
460 2405 484 2447 ln
509 2401 872 2462 Peloponneso,recentiorlbua
889 2400 998 2446 Domata.
1014 2399 1046 2445 td

125 2472 202 2518 Graeci
217 2470 344 2517 accusativi
359 2469 461 2515 indolem
476 2468 534 2516 baec
549 2470 598 2515 duo
614 2471 711 2530 propria
725 2471 820 2515 nomina
835 2469 932 2527 cadunt,
947 2469 974 2513 ut
988 2467 1048 2513 solet

125 2538 238 2583 interdum
253 2537 373 2583 Cornelius
388 2548 486 2593 graecae
502 2539 592 2594 syntaxi
603 2537 733 2595 indulgere.

152 2606 184 2664 (ὅ)
199 2605 227 2650 nt
240 2604 350 2649 continui
360 2604 420 2649 ritus
432 2607 455 2649 et
469 2604 546 2663 patria
557 2606 641 2661 religio
656 2605 784 2650 manerent.
795 2606 903 2650 Ceterum
913 2615 956 2663 par
971 2603 994 2648 in
1008 2614 1047 2648 ro·

123 2679 192 2717 nana
203 2672 304 2718 historia
318 2672 450 2730 exemptum
462 2672 548 2718 editum
565 2674 607 2732 ost,
622 2685 705 2732 quum,
721 2684 784 2718 anno
805 2674 858 2718 ante
873 2671 989 2719 christum
1005 2681 1046 2714 na-

123 2742 170 2785 tum
183 2738 408 2797 saecuculorum
424 2739 509 2785 llonrae
519 2741 764 2801 appropinquantibus,
777 2741 864 2786 romani
873 2751 941 2787 senes
950 2750 996 2783 non
1006 2750 1042 2781 ar-

123 2819 172 2854 cem
184 2809 279 2866 petunt,
295 2806 337 2851 ced
352 2807 377 2850 in
393 2818 466 2852 vacua
477 2809 500 2853 et
514 2809 589 2854 silenti
602 2809 659 2854 urbe
668 2809 785 2854 Gallorum
795 2809 908 2867 impetum
926 2806 1047 2863 excipiunt

55 2870 59 2881 '
125 2888 148 2920 ec
164 2887 237 2922 uuam
257 2876 344 2934 patriae
366 2887 510 2933 suorumque
524 2889 650 2936 corporum
672 2877 773 2922 futuram
797 2878 895 2933 stragem
919 2874 1047 2937 obstipent.

126 2944 210 2989 tidesis
227 2943 284 2987 Livii
300 2944 464 3002 narrationem,
480 2954 501 3004 r,
516 2945 553 2990 51.

150 3009 353 3067 (tTarmopylaa
374 3012 398 3055 in
418 3012 516 3057 Locride
531 3012 648 3072 Opuntia,
671 3013 782 3067 angustae
804 3010 883 3057 lauces
902 3008 969 3056 luere
984 3011 1047 3055 inter

124 3077 193 3122 Oe‘ae
207 3079 292 3123 monile
307 3077 394 3124 radices
410 3080 433 3125 et
445 3081 565 3126 Maliacum
581 3081 673 3139 sinum,
688 3081 721 3124 sic
737 3082 865 3138 appellatae
882 3079 994 3136 agraecis
1007 3089 1047 3121 vo·

123 3149 189 3195 dhus
207 3152 287 3215 θερμὸς
305 3152 401 3208 calidam,
417 3152 481 3208 quod
494 3153 528 3197 ibi
539 3152 632 3198 Herculi
649 3151 732 3197 sacrati
746 3152 817 3199 calidi
829 3152 903 3199 lontea
918 3152 1009 3206 assent,
1023 3152 1048 3196 et

124 3218 181 3271 ceila
194 3222 273 3275 porto,
289 3214 352 3275 qdod
369 3218 419 3263 illie
431 3219 547 3275 tamquam
560 3218 637 3264 aditus
652 3219 764 3264 interioris
776 3220 885 3266 Graeciae
899 3219 996 3278 pateret.

151 3285 184 3343 (5)
200 3283 309 3328 Euboeae
327 3283 501 3343 tllcpropontet
517 3288 718 3344 promontorium,
733 3288 767 3334 sic
782 3300 796 3333 a
813 3288 914 3345 quodam
930 3285 1049 3333 Artemidis

124 3355 169 3399 sire
184 3354 270 3397 branae
281 3352 368 3410 templo
378 3352 530 3411 appellatum.
545 3353 703 3400 Halonnesum
718 3354 814 3402 insulam
827 3358 850 3402 et
861 3354 1049 3414 septemtrionem

123 3423 260 3535 spigialndsest
276 3486 401 3532 Persarum.
