2452 3938
186 302 188 307 η
203 259 243 322 82
591 281 734 328 cunnus

202 369 279 441 blica
297 369 326 432 ei
337 368 374 431 ab
389 367 621 436 Atheniensibus
636 374 668 435 in
678 374 744 437 loru
762 373 922 453 cunstituta
936 360 992 439 est.
1006 374 1124 461 ,Exque

183 469 312 539 ,factum
331 473 394 542 est,
422 475 455 528 ut
473 476 575 549 postea
599 470 728 547 athletae
756 471 907 554 ceterique
931 472 1061 538 artifices
1079 474 1125 537 his

203 561 327 627 statibus
341 561 373 623 in
390 565 495 631 statuis
513 567 659 646 ponendis
671 576 839 648 uterentur,
856 569 889 645 in
907 568 1018 651 quibus
1034 569 1125 637 victa·

201 660 276 724 riam
294 666 393 721 essent
408 661 519 743 adepti.
814 738 817 742 Α
835 737 839 744 g
993 740 996 744 A

242 753 281 817 ll.
299 753 442 820 Chabrias
462 765 562 821 autem
586 761 678 824 nrulta
697 760 729 823 in
747 761 867 844 Europa
888 761 980 826 bella.
992 763 1124 828 admini-

201 850 315 927 stravit,
334 871 401 915 cunr
418 855 476 916 dux
493 855 718 920 Atheniensium
735 867 823 922 esset:
842 859 934 921 multa
948 858 980 921 in
993 859 1122 943 Aegypta

120 967 255 1014 sensus
272 959 377 1030 sponte
396 953 502 1030 gessit;
523 973 590 1016 nanu
610 953 791 1018 Nectenebin
810 955 943 1017 adiutum
960 957 1124 1037 proiectus,

201 1065 322 1126 regnum
343 1048 371 1110 ei
390 1050 554 1114 constituit.
575 1052 658 1115 Fecit
675 1053 753 1115 idern
773 1051 870 1134 Cypri,
890 1052 941 1115 sed
954 1052 1074 1134 publice
1087 1055 1125 1117 ab

123 1179 145 1216 a.
154 1171 192 1215 aar
201 1144 431 1210 Atheniensibus
449 1149 597 1227 Euagorae
614 1150 660 1231 (l)
675 1150 792 1212 adiutor
815 1150 917 1235 datus:
932 1167 1031 1230 neque
1043 1151 1126 1232 prins

199 1242 269 1304 inde
296 1242 432 1308 discessit
461 1266 548 1328 quani
569 1255 661 1308 tutam
686 1247 814 1309 insularn
839 1247 915 1309 bello
940 1245 1122 1310 devinceret.

199 1338 262 1412 Qua
280 1358 315 1402 ex
331 1359 363 1402 re
381 1340 576 1406 Athenienses
601 1362 737 1421 magnam
766 1343 889 1420 gloriam
915 1350 985 1404 sunt
1007 1341 1121 1424 adepti.

199 1434 320 1498 Interim
339 1437 449 1499 bellurn
466 1439 544 1500 inter
556 1438 713 1519 Aegyptius
724 1445 753 1500 et
771 1437 876 1501 Persas
890 1439 1052 1500 cunhatnrn
1066 1448 1120 1500 est.

198 1532 393 1596 Athenienses
414 1553 480 1596 cunr
491 1534 648 1597 Artaxerxe
659 1535 830 1597 societatem
851 1534 1010 1596 habebant:
1031 1533 1122 1597 Lace·

199 1628 349 1690 daemonii
363 1649 431 1692 cnm
448 1632 608 1713 Aegyptiis,
632 1651 650 1693 a
668 1631 777 1713 quibus
797 1650 917 1710 magnas
935 1630 1120 1714 praedasOE)

198 1724 350 1804 Agesilaus
367 1745 418 1789 rex
434 1746 535 1790 eurnnr
552 1728 691 1790 iaciebat.
708 1726 741 1790 ld
754 1729 873 1790 intuens
884 1725 1039 1804 Chabrias,
1053 1746 1119 1790 cunr

198 1821 231 1883 in
247 1840 280 1886 re
294 1824 376 1886 nulla
394 1824 529 1904 Agesilao
546 1825 674 1902 cederet,
698 1843 753 1886 sua
771 1832 876 1906 sponte
894 1823 941 1904 (3)
963 1841 1016 1886 ees
1033 1822 1120 1886 adiu·

198 1928 261 1982 tum
289 1923 452 2004 proiectus,
481 1922 631 2004 aegyptiae
655 1922 742 1985 classi
759 1922 899 2004 praefuit.
927 1920 1119 1983 Pedestribus

119 2018 291 2101 u.aencupiis
313 2020 477 2100 Agesilaus.
1093 2034 1096 2041 ’

239 2115 290 2180 lll.
302 2118 377 2180 Turn
385 2118 527 2201 praetecti
538 2117 616 2197 regis
626 2115 862 2196 Persiaelegatcs
871 2114 1017 2178 miserunt
1027 2113 1120 2179 Atha-

197 2233 251 2277 nas
269 2225 424 2297 questum,
446 2215 525 2297 quud
546 2213 688 2278 Chabrias
710 2215 864 2277 adversum
889 2228 989 2291 regem
1007 2210 1117 2274 belluna

193 2322 312 2390 gereret
326 2331 393 2376 curn
411 2313 570 2396 Aegyptiis.
594 2310 790 2374 Athenienses
808 2311 886 2373 diem
906 2318 1018 2371 certam
1039 2307 1117 2372 Cha-

197 2407 280 2472 briae
295 2412 544 2492 praestituerunt,
563 2427 654 2492 quam
672 2418 739 2472 aute
756 2409 877 2471 domum
899 2407 957 2468 nisi
977 2405 1120 2482 redisset,

199 2507 303 2588 capitis
319 2527 351 2570 se
363 2509 446 2571 illurn
464 2509 654 2570 damnaturos
665 2505 891 2568 denuntiarunt.
904 2502 1031 2566 Hucine
1044 2518 1122 2564 nun·

119 2649 141 2685 g
151 2602 245 2686 fficio
256 2604 386 2668 Athenas
403 2604 504 2682 rediit,
520 2620 617 2686 neque
634 2602 677 2665 ihi
695 2602 807 2665 diutius
821 2609 866 2664 est
881 2608 1012 2663 moratus
1027 2614 1117 2680 quam

198 2699 256 2763 luit
271 2719 403 2764 necesse.
417 2701 480 2764 Nou
494 2699 574 2763 eninr
592 2699 719 2762 libenter
733 2708 797 2762 erat
812 2706 880 2760 ante
895 2697 996 2759 oculos
1008 2695 1117 2757 cirinus

199 2817 334 2877 suerunt,
356 2800 435 2882 quud
454 2808 483 2862 et
499 2797 615 2861 vivebat
632 2798 712 2859 laute
734 2803 763 2858 et
780 2794 951 2873 indulgebat
967 2790 1026 2854 sibi
1043 2789 1120 2854 lihe-

199 2898 312 2976 salius,
341 2916 429 2980 quam
449 2906 482 2959 ut
506 2894 647 2958 inuidiam
676 2892 754 2973 rtrlgi
776 2901 874 2974 posset
898 2890 1039 2968 effugere.
1066 2887 1120 2952 list

198 3042 474 3168 ..tlttttltt‘tt't
488 3039 713 3153 ltltth‘tts.
727 3031 960 3160 {Attalida
974 3025 1121 3152 ‘AAA'AA

198 3174 321 3236 artaxerxi,
335 3189 436 3236 quocum
450 3175 536 3222 bellum
558 3183 669 3233 prospere
684 3169 790 3228 gerebat,
805 3165 909 3227 proditus
927 3164 977 3219 est,
1000 3173 1073 3219 quum
1089 3172 1122 3206 ea

199 3254 243 3302 pax
257 3247 281 3290 in
296 3246 391 3291 Graecla
405 3244 440 3290 cst
451 3242 588 3302 constituta,
602 3241 642 3286 cul
656 3238 687 3284 ab
702 3238 796 3282 auctore
812 3229 930 3280 Autalclda
944 3231 1013 3287 turpe
1029 3225 1122 3274 lactum

198 3311 374 3440 esA2lioi’nieaiiilae
385 3378 425 3425 bic
437 3379 552 3436 uniquam
567 3388 624 3436 opes
638 3372 764 3433 generatim
779 3370 933 3436 usurpantur,
942 3363 1035 3412 adiutor
1045 3366 1122 3426 enlm,

197 3458 247 3494 uon
258 3448 341 3505 bostis,
352 3448 465 3506 Aegyptiis
479 3445 531 3492 erat
541 3445 667 3502 Agesilaus.

228 3514 260 3579 th)
272 3517 321 3565 lion
334 3515 479 3578 populiscitu.
494 3514 627 3559 viceramus
637 3521 701 3558 more
717 3509 808 3555 nosboa
824 3517 871 3552 nan
886 3501 1051 3564 affictulmmte.
