2452 3938
485 277 633 324 annulata
961 269 1019 330 lbi

93 378 157 431 tera
179 367 242 429 iore
266 366 476 432 arbitrabatur.
498 370 543 431 td
569 370 648 431 bunc
674 369 911 434 interficiendum
930 376 1020 436 talem

94 464 162 526 iniit
175 464 333 526 rationem.
349 464 447 528 Classe
459 465 562 546 paucis
575 466 681 529 diebus
694 475 779 530 erant
797 468 945 531 decreturi
957 471 1017 551 (l):

93 560 293 642 superabatur
307 563 427 626 navium
447 565 638 628 multitudine
652 564 714 646 (ῆς
732 565 799 626 dolo
815 573 878 627 erat
890 585 1022 647 pugnan·
1103 619 1107 636 .,

94 658 165 720 dum
181 705 190 736 ‚
211 676 279 721 cum
298 678 352 740 par
374 680 434 723 non
449 668 527 724 esset
541 660 818 743 armisilmperarit
835 664 1021 744 quampluri·

95 773 158 817 mas
178 764 337 818 venenatas
360 766 513 838 serpentes
537 759 616 819 viras
634 757 751 839 colligi,
771 775 881 838 easque
899 759 930 820 in
951 777 1020 821 vasa

94 851 198 914 fictilia
216 852 337 914 coniici.
357 852 468 915 Harum
487 872 554 915 cum
583 854 760 916 coniecisset
778 872 914 933 magnam
938 855 1019 916 mul·
1096 850 1100 869 ¹

95 949 267 1025 titudinem,
287 949 335 1011 die
347 948 424 1030 ipso,
438 969 496 1031 quo
512 950 644 1012 facturus
659 959 722 1012 arat
735 950 838 1011 navale
853 951 1019 1032 proelium,

94 1045 263 1109 classiarios
293 1055 449 1122 convocat,
482 1046 587 1127 bisque
617 1045 783 1126 praecipit,
803 1064 906 1108 omnes
933 1048 1021 1110 utin

94 1160 184 1204 uuam
203 1141 345 1204 Eumenis
367 1142 443 1220 regis
458 1151 638 1204 concurrant
652 1159 769 1215 narem,
791 1159 808 1202 a
826 1143 931 1203 ceteris
950 1152 1019 1204 tau-

94 1239 243 1300 tumeatis
262 1238 392 1300 babeant
406 1257 437 1300 se
456 1238 632 1315 defendere3
652 1237 681 1299 id
701 1237 787 1299 facile
805 1237 872 1299 illos
892 1257 1018 1320 serpen·

95 1345 157 1398 tum
177 1335 368 1398 multitudine
386 1344 610 1398 consecuturos.
632 1333 693 1396 Hex
710 1342 827 1410 autem,
855 1353 913 1415 qua
944 1354 1019 1397 nare

93 1433 262 1509 veheretur,
281 1439 315 1492 ut
333 1432 455 1508 scirent,
476 1451 507 1494 se
525 1432 693 1493 iacturum:
714 1431 843 1511 quamsi
861 1439 913 1494 aut
925 1431 1018 1513 cepis·

93 1527 1016 1610 sentautintertecissent,magnobispolliceturpraemiatore.

134 1625 184 1688 XI.
205 1625 270 1688 'lali
284 1625 487 1688 cohortatione
507 1626 635 1686 militurn
654 1626 742 1701 iacta,
759 1624 862 1688 classis
877 1626 914 1687 ab
928 1627 1018 1688 utris·

93 1742 151 1804 que
170 1724 200 1784 in
220 1721 364 1804 proelium
384 1721 551 1784 deducitur.
578 1720 709 1793 Quarum
738 1721 802 1783 acie
832 1723 1016 1799 constituta,

93 1822 266 1902 priusquam
285 1821 401 1898 signum
421 1838 537 1900 pugnae
553 1819 686 1896 daretur,
699 1819 859 1895 Hannibal,
873 1829 907 1881 ut
921 1820 1019 1899 palam

94 1917 205 1979 iaceret
225 1916 288 1978 suis
311 1935 370 1996 qno
395 1916 460 1976 loco
489 1915 638 1977 Eumenes
654 1923 753 1992 esset,
774 1914 960 1977 tabellarium
986 1915 1018 1975 in

97 2014 290 2093 scaplianum
307 1998 435 2073 caduceo
451 2011 497 2091 (3)
515 2011 623 2088 mittio,
640 2011 711 2092 qui,
732 2011 785 2073 ubi
800 2010 837 2072 ad
855 2029 943 2071 naves
962 2010 1018 2070 ad·

93 2109 290 2172 versariomm
310 2107 463 2188 pervenit,
483 2106 637 2187 epistolam
664 2108 842 2184 osteudens,
866 2124 899 2168 se
917 2124 1017 2184 regem

93 2207 246 2288 protessus
265 2213 309 2267 est
327 2222 482 2285 quaerere.
504 2202 608 2266 Statim
627 2205 664 2267 ad
686 2204 850 2268 Humeuem
871 2202 1017 2268 deductus

93 2311 157 2380 ast,
178 2302 258 2383 quod
279 2320 367 2364 nemo
386 2300 552 2377 dubitabat,
581 2299 693 2382 aliquid
711 2302 749 2364 de
766 2320 839 2383 paca
857 2318 923 2364 esse
940 2302 1017 2363 scri-

94 2408 190 2480 ptum.
210 2398 410 2473 Tabellarius,
426 2398 510 2461 ducis
530 2416 602 2459 nave
626 2397 775 2461 declarata
792 2397 873 2476 suis,
895 2399 1013 2479 eodem,

94 2498 174 2559 unde
192 2497 286 2573 ierat,
306 2515 338 2559 se
356 2496 497 2577 recepit!
512 2495 549 2559 m
579 2495 741 2572 Eumenes,
765 2497 861 2558 soluta
878 2497 1016 2580 epistola,

88 2594 169 2655 nihil
189 2594 220 2654 in
237 2612 273 2656 ea
291 2594 419 2675 reperit,
436 2593 493 2656 nisi
512 2592 591 2674 quod
608 2593 646 2655 ad
664 2593 848 2657 irridendum
867 2614 934 2658 eum
949 2614 1022 2676 pera

94 2690 213 2752 tinerct.
239 2689 329 2753 Cuius
344 2691 400 2752 etsi
419 2709 538 2752 causam
563 2688 746 2769 mirabatur,
762 2710 859 2773 neque
885 2691 1019 2773 reperie-

94 2785 200 2864 batur,
217 2783 317 2849 tamen
335 2789 482 2868 proelium
501 2789 598 2851 statim
629 2789 814 2850 committere
837 2807 897 2852 non
925 2788 1018 2851 dubi·

95 2883 178 2945 tarit.
198 2883 312 2945 Horum
324 2883 354 2945 in
367 2903 524 2961 concurso,
541 2885 658 2966 Bithyni
671 2887 731 2968 (l),
747 2885 920 2949 Hannibalis
934 2903 1021 2968 praa·

125 3077 157 3137 (t)
172 3078 315 3142 Pugnaturt;
328 3093 344 3128 a
358 3083 429 3130 verbo
444 3084 548 3129 decerno.

125 3145 155 3204 (2)
171 3147 293 3194 Hannibal.

124 3213 155 3273 (ὅ)
172 3216 240 3273 Virga
255 3217 348 3264 duobus
362 3219 510 3278 serpentibus
524 3221 695 3280 circumligata,
711 3223 829 3282 tamquam
849 3225 971 3283 legationis
987 3230 1019 3276 st·

92 3292 166 3339 guum
179 3295 193 3328 a
208 3284 324 3330 veteribus
340 3287 456 3347 usurpata,
471 3289 597 3346 postquam
612 3290 734 3351 Mercurio,
745 3292 805 3338 lovis
820 3295 921 3354 nuncio,
937 3297 960 3340 in
972 3308 1019 3342 nra·

92 3348 166 3394 uibus
180 3361 230 3396 esse
243 3353 330 3411 coepit.

117 3416 155 3469 tlt
171 3417 278 3464 Prusiani
292 3420 387 3479 milites,
402 3422 435 3468 alc
450 3422 592 3484 aBitbynia,
609 3426 673 3472 istae
691 3427 786 3474 minoris
798 3428 1021 3489 provinciamqu-

93 3483 152 3540 lutt,
167 3496 227 3541 quoe
243 3485 272 3531 ad
287 3487 352 3533 lenti
366 3502 464 3548 magnum
478 3492 546 3539 etiam
562 3495 701 3553 pertineret.
