2452 3938
461 593 702 679 CONON.

158 939 183 1005 I.
203 941 319 1018 Cenon,
339 938 533 1020 atheniensis,
550 940 762 1022 peloponnesio
775 941 852 1005 bello
872 941 1043 1005 accessitad

51 1102 55 1107 ,
112 1039 349 1119 rempublicam:
370 1037 401 1097 iu
413 1056 508 1118 eoque
526 1038 590 1100 eius
614 1056 704 1117 opera
723 1040 821 1117 magni
839 1039 906 1100 fuit.
925 1038 998 1101 Nam
1016 1047 1046 1101 et

114 1144 239 1221 praetor
255 1133 442 1215 pedestribus
461 1135 639 1198 exercitibus
664 1135 814 1216 praefuit,
831 1143 861 1196 et
879 1136 1047 1217 praefectus

10 1300 13 1311 ‚
116 1231 224 1296 classis
240 1248 288 1293 res
307 1250 429 1310 magnas
448 1233 523 1294 mari
541 1232 643 1310 gessit.
660 1230 739 1303 Quas
759 1231 796 1292 oh
811 1250 916 1293 causas
933 1232 1049 1313 praeci-

116 1350 197 1416 puus
214 1329 243 1391 ei
261 1328 356 1390 honos
376 1329 494 1391 habitus
513 1338 569 1391 est.
588 1328 721 1410 Namque
744 1328 884 1390 omuibus
901 1348 979 1390 uuus
997 1329 1047 1389 in-

117 1429 194 1492 sulis
211 1426 353 1508 praefuit;
371 1427 402 1487 in
422 1446 481 1508 qua
501 1418 647 1508 potestate
661 1424 772 1488 Pheras
788 1426 835 1507 (f)
854 1426 944 1508 cepit,
965 1424 1048 1488 cold-

118 1526 200 1588 niam
214 1523 532 1586 Lacedaemoniorum.
554 1523 622 1584 Fuit
641 1523 730 1584 etiam
751 1533 881 1586 extremo
900 1522 949 1604 (f)
967 1523 1048 1604 pelo·

120 1621 268 1705 pennesio
288 1619 366 1682 bello
390 1629 521 1701 praetor,
550 1639 617 1681 cum
642 1621 720 1700 apud
746 1620 842 1700 Aegos
865 1621 977 1683 flumen
995 1638 1048 1683 co-

118 1719 187 1803 piae
204 1717 430 1781 Atheniensium
450 1737 467 1778 a
484 1716 634 1798 Lysandro
656 1725 726 1779 sunt
744 1717 888 1780 devictae.
909 1716 965 1780 Sed
988 1728 1049 1781 tum

119 1815 232 1893 abfuit,
251 1833 347 1896 eoque
366 1814 452 1896 peius
471 1833 518 1876 res
547 1814 755 1876 administrata
780 1824 824 1876 est
843 1815 902 1895 (3).
930 1814 1002 1877 Nam
1022 1824 1051 1878 et
1066 1817 1090 1860 Α
1058 1817 1131 1913 Msp

120 1914 255 1996 pmdeus
272 1913 315 1974 rei
334 1912 471 1974 militaris
493 1921 522 1974 et
548 1912 675 1990 diligens
698 1920 761 1974 erat
787 1912 918 1994 imperii
948 1880 1071 1994 ltaque

121 2010 237 2074 nemini
259 2017 324 2072 erat
342 2009 389 2071 bis
407 2010 593 2090 temporibus
613 2009 761 2087 dubium,
785 2011 809 2070 si
829 2009 992 2086 adfuisset,
1012 2009 1049 2070 il·

120 2113 181 2173 fam
201 2107 400 2171 Athenienses
414 2106 612 2167 calamitatem
633 2115 808 2187 accepturos
827 2126 887 2168 non
905 2107 1008 2169 fuisse

163 2206 201 2269 11.
221 2203 323 2266 Rebus
341 2213 439 2266 autem
458 2203 596 2280 adflictis,
616 2223 682 2264 cum
703 2204 829 2285 patriam
846 2203 977 2265 obsideri
995 2222 1073 2301 au-a

119 2300 229 2380 disset,
257 2321 317 2364 non
337 2302 504 2383 quaesivit,
521 2301 600 2362 uhi
592 2320 656 2382 ipse
675 2309 738 2363 tuto
756 2302 884 2381 viveret,
904 2302 955 2364 sed
974 2267 1073 2364 unde

123 2398 274 2483 praesidio
293 2406 372 2460 esset
382 2397 496 2459 crrrbus
508 2398 582 2460 suis
600 2396 704 2479 Itaque
720 2399 847 2461 cuntulit
862 2418 894 2461 se
909 2400 945 2461 ad
963 2398 1055 2461 Phar-

124 2497 285 2575 nabazum,
301 2505 438 2578 satrapen
455 2494 557 2559 Ioniae
570 2508 599 2558 et
610 2494 732 2577 Lpdiae,
749 2497 948 2579 eumdemque
965 2515 1056 2576 gene·

1077 2254 1133 2300 ,449

123 2613 191 2659 rum
206 2593 285 2672 regis
299 2600 330 2655 et
346 2594 561 2674 propinquum
578 2595 655 2674 apud
668 2613 757 2675 quem
771 2602 805 2656 ut
821 2595 945 2656 multum
961 2594 1057 2673 gratia

123 2693 250 2769 ualeret,
266 2691 359 2775 multo
381 2689 482 2753 labore
501 2691 661 2772 multisque
680 2692 779 2753 effecit
807 2692 960 2772 periculis.
982 2690 1054 2753 Nam

122 2808 193 2852 curn
209 2787 450 2864 Lacedaemonii,
468 2786 703 2850 Atheniensibus
719 2788 854 2862 devictis,
868 2788 899 2848 in
914 2786 1057 2850 societate

125 2905 188 2950 nou
207 2892 375 2962 manerent,
394 2901 483 2967 quam
511 2903 578 2946 cum
598 2884 757 2947 Artaxerxe
787 2886 931 2961 fecerant,
950 2881 1057 2959 Agesi-

125 2985 270 3065 laumque
288 2981 431 3044 bellatum
448 2980 598 3043 misissent
613 2981 643 3042 in
658 2981 771 3059 Asiam,
790 2981 918 3042 maxime
935 2979 1058 3060 impulsi

162 3204 196 3265 (t)
208 3203 335 3251 Messeniae
350 3203 432 3251 urbem
447 3205 472 3250 in
488 3205 631 3250 messentaeo
646 3206 706 3251 sinu.

160 3274 194 3332 42)
207 3273 255 3327 Ital
265 3273 339 3330 :Apo
348 3273 456 3329 senectute·
470 3273 496 3317 at
510 3272 587 3329 proella
602 3285 695 3330 pererra.

162 3341 191 3400 (5)
207 3343 252 3388 arn
267 3339 369 3388 adfuisse
384 3341 477 3398 quidem
495 3342 585 3401 proelio
606 3344 707 3402 narrarit,
724 3342 780 3402 sed,
797 3340 909 3386 inclinata
924 3341 950 3387 in
967 3342 1060 3388 extthxm

133 3423 160 3457 re
173 3411 291 3456 sertorum
306 3409 405 3468 incuria,
420 3420 483 3455 cum
490 3410 581 3486 septem
596 3410 693 3455 navibus
709 3410 739 3455 ad
753 3375 882 3466 Ebagoram
897 3411 967 3469 cypri
982 3420 1063 3467 regern

134 3474 268 3535 confugisse

204 3706 338 3771 corneto·
357 3705 431 3786 nep.
