2452 3938
171 214 212 276 m
274 180 282 199 ’
587 232 696 279 cruor

170 341 254 418 snpm
274 341 460 402 germanam,-
473 323 594 387 nomine
613 322 792 405 Elpinicem,
814 341 874 387 non
887 323 982 404 magis
996 343 1098 390 amoro

169 422 259 502 qubm
270 419 373 501 patrio
390 437 473 482 more
488 419 606 483 ductus.
621 420 693 482 Nam
710 419 942 484 Atheniensibus
962 408 1032 484 licet
1049 441 1099 487 eo·

170 508 238 579 dem
256 526 339 599 patre
352 523 437 578 nates
449 535 554 580 uxores
572 517 694 583 ducere.
712 517 807 580 liuius
821 517 953 596 coniugii
969 516 1097 599 cupidus

120 664 124 673 .
169 612 276 677 Callias
300 613 441 695 quidam,
475 632 534 675 non
564 623 622 676 tam
645 633 807 693 generosus
828 633 918 697 qoam
949 615 1097 695 pecunio-

168 729 219 773 sus
238 710 298 791 (l),
318 711 371 791 qui
393 729 514 789 magnas
540 711 683 792 pecunias
705 729 740 774 ex
760 711 888 774 metallis
907 711 954 793 (h)
971 712 1095 790 iecerat,

168 807 229 885 egit
246 824 315 893 cum
333 805 468 885 Cimone,
485 815 519 869 ut
536 826 601 870 eam
620 807 678 870 sibi
697 826 817 871 uxorem
835 807 929 884 daret;
948 808 979 870 id
998 808 1024 871 'si
1039 809 1097 871 irn-

167 910 324 984 petrasset,
342 922 374 966 se
393 922 445 984 pro
464 903 516 967 illo
534 905 690 984 pecuniam
715 905 896 971 soluturum.
912 903 940 967 ls
959 922 1026 968 curn
1047 914 1095 968 ta-

168 1001 226 1066 lem
244 999 444 1063 conditionem
463 1011 690 1082 aspernaretur,
702 1001 837 1082 Elpinice
847 1001 963 1080 negavit
978 1021 1010 1064 se
1026 1023 1095 1084 pas·

164 1115 283 1175 suram,
303 1096 442 1161 Miltiadis
466 1098 637 1180 progeniem
662 1100 693 1161 in
719 1098 844 1163 vinculis
864 1097 992 1180 publicis
1010 1099 1092 1164 inte·

163 1195 235 1271 rire,
248 1194 390 1275 quoniam
401 1194 680 1277 prohibereposset;
690 1215 781 1278 seque
792 1195 902 1260 Calliae
915 1206 1090 1277 nupturam,

164 1291 190 1352 si
205 1310 252 1369 ea,
273 1310 349 1372 quae
363 1293 565 1373 polliceretur,
585 1293 791 1373 praestitisset.

180 1464 184 1471 Δ
206 1386 244 1450 ΙΙ.
266 1387 330 1450 ‘lati
348 1389 437 1449 modo
449 1388 583 1450 custodia
598 1387 740 1450 liberatus
758 1388 875 1467 Cimon,
894 1388 1033 1452 celeriter
1051 1390 1089 1453 ad

163 1484 364 1564 principatum
381 1484 427 1564 (3)
450 1484 594 1565 pervenit.
611 1482 745 1546 Habebat
760 1485 839 1547 enim
862 1487 934 1548 satis
949 1486 1090 1568 eloquen-

166 1580 236 1658 tiae,
250 1599 397 1643 summam
409 1580 630 1659 liberalitatem,
650 1600 785 1660 magnam
803 1583 1004 1664 prudentiam,
1018 1603 1086 1646 cum

164 1676 238 1739 iuris
256 1677 360 1753 ciuilis,
374 1686 435 1738 tum
454 1677 498 1740 rei
516 1677 666 1756 militaris,
686 1679 846 1759 quodcum
863 1688 946 1760 patre
965 1699 1086 1761 apuero

161 1774 191 1835 in
205 1773 382 1837 exercitibus
401 1775 497 1837 iuerat
520 1785 662 1838 versatus.
689 1775 792 1858 ltaque
820 1777 868 1839 hic
892 1784 921 1839 et
939 1779 1081 1858 populum

159 1868 309 1932 urbanum
327 1872 359 1933 in
377 1889 432 1933 sua
454 1872 549 1934 tenuit
578 1882 738 1954 potestate,
759 1882 788 1935 et
815 1873 893 1953 apud
920 1877 1082 1937 exercitum

157 1967 320 2048 phurimum
338 1969 428 2033 ualuit
450 1969 639 2033 auctoritate.
663 1969 795 2032 Primum
815 1971 976 2052 imperator
1005 1973 1082 2053 apud

156 2066 269 2129 ilumen
283 2056 438 2147 Strymona
453 2067 505 2148 (l)
525 2085 647 2146 magnas
666 2067 767 2148 copias
791 2066 939 2131 Thracum
958 2067 1081 2147 fugavit:

155 2163 299 2245 oppidum
321 2163 523 2247 Amphipolim
544 2165 591 2246 (5)
608 2164 760 2227 constituit
777 2183 873 2246 eoque
893 2165 996 2227 decem
1016 2165 1083 2228 mil-

153 2259 194 2322 lia
210 2260 436 2325 Atheniensium
459 2263 491 2327 in
509 2261 656 2323 coloniam
684 2261 775 2323 misit.
799 2259 881 2322 Idem
900 2261 1007 2323 iterum
1031 2263 1080 2345 (6)

153 2357 232 2437 apud
246 2356 375 2438 Mycalen
391 2357 438 2439 (l)
450 2357 625 2439 Cypriorum
636 2367 667 2420 et
684 2347 867 2419 Phoenicum
883 2356 1079 2422 ducentarum

188 2576 220 2635 ll)
233 2577 296 2624 1tnt.:
315 2577 351 2622 Uo
365 2577 425 2622 colat
442 2577 583 2634 pentasemo
604 2580 630 2624 da·
649 2579 725 2624 borso.

180 2645 212 2705 (2)
227 2647 289 2692 itai:
304 2645 474 2704 Nell’oppottur
486 2647 507 2690 le
521 2649 626 2692 mintcrc.

180 2714 213 2772 (5)
228 2713 347 2772 Principes
356 2714 457 2759 civitatis
472 2713 587 2770 dignitate
601 2713 718 2771 aequarit.

180 2781 210 2841 (i)
225 2780 337 2828 Thraciae
351 2782 456 2840 flumen,
474 2781 541 2839 quod
555 2782 581 2827 in
599 2783 678 2827 monta
693 2780 750 2827 iimo
765 2782 849 2839 oritur,
863 2781 961 2838 insignis
973 2782 1076 2842 Orphaei

149 2850 245 2910 iabulis3
261 2849 432 2897 recentioribus
446 2849 571 2895 noro-Son.
586 2849 687 2895 Thraces
697 2848 822 2910 autem,de
836 2849 923 2908 quibus
937 2849 976 2894 hic
985 2862 1074 2912 sermo,

150 2920 205 2964 cur'n
220 2919 295 2964 Persis
309 2915 444 2962 militabant

177 2986 210 3042 (tt)
220 2985 246 3030 in
261 2984 361 3030 Thracia
378 2983 409 3031 nd
428 2983 554 3042 strymonio
575 2984 661 3030 ostium
669 2982 722 3043 puy
735 2983 912 3030 Atheniensium
926 2985 1075 3033 commerciis

148 3052 197 3098 illic
211 3053 342 3100 inserviret.
357 3053 423 3098 Nunc
438 3053 530 3100 Turcae
545 3053 638 3098 Embctt
652 3051 780 3111 appellant.

177 3117 209 3177 (d)
225 3121 312 3166 iterum
327 3121 460 3179 imperator.

176 3187 208 3245 (i)
232 3188 311 3234 leniae
326 3189 511 3247 promontorium
530 3189 555 3234 et
569 3200 638 3234 mons
651 3187 695 3234 init
709 3189 793 3234 contra
810 3191 919 3245 snmum3
935 3186 984 3246 sed,
996 3198 1073 3233 rema

146 3255 242 3300 Cimone
257 3254 289 3298 nd
298 3253 470 3312 Eurymedonta
477 3255 565 3300 flumen
574 3254 598 3300 iu
609 3255 743 3316 Pamphylia
755 3256 857 3312 emtum,
873 3256 970 3300 nument
983 3264 1074 3312 omnen,

146 3321 190 3377 qni
205 3320 263 3367 baec
277 3323 358 3368 litteris
372 3322 497 3368 tradidere.
511 3322 544 3368 lta
559 3323 631 3368 verba
645 3324 709 3381 opud
722 3323 828 3382 Mycalen
836 3322 935 3380 glomum
950 3321 1071 3380 redolent,

145 3387 192 3433 nisi
212 3399 266 3434 cum
290 3389 425 3436 chbuclrio
440 3391 559 3450 llycalen,
578 3391 657 3438 locum
671 3389 701 3436 od
722 3391 823 3449 Cyprum
848 3391 968 3450 ignotum,
994 3388 1071 3435 dicere

142 3454 248 3503 velimus.
