2452 3938
507 250 664 297 ururranns
1006 237 1044 300 dl

127 340 233 424 oppido
253 339 408 424 potiretur,
424 343 527 422 procul
538 342 570 405 in
585 342 750 408 continenti
760 344 857 419 lucus,
876 344 929 426 qui
946 364 982 407 er
996 346 1047 408 in·

124 441 187 501 sula
198 438 448 520 conspiciebatur,
459 439 560 503 nescio
574 460 633 522 quo
651 459 734 518 casu,
749 449 895 505 nocturno
910 449 1045 522 temporo

125 535 265 598 incensus
283 542 340 597 est:
360 537 444 599 culus
466 539 599 614 flamma,
618 545 652 600 ut
670 537 707 599 ab
731 536 888 619 oppidanis
903 545 933 600 et
948 555 1046 619 oppu-

124 632 297 710 gnatoribus
310 640 355 694 est
366 633 440 711 risa,
451 634 584 714 utrisque
602 633 682 696 venit
692 634 724 696 in
739 634 911 717 opinionem
929 633 1046 712 signum

125 749 141 792 a
158 729 319 793 classiariis
336 730 425 808 regiis
441 731 554 793 datum.
574 729 637 803 Quo
649 732 760 793 lactum
779 741 836 806 est,
856 740 901 809 ut,
920 741 950 794 et
967 730 1047 793 Parii

125 846 141 890 a
157 826 308 890 deditione
323 826 554 904 deterrerentur,
572 834 601 889 et
616 824 774 904 Miltiades,
788 828 896 890 timens
907 847 946 890 ne
966 828 1045 889 clas-

124 924 163 986 sis
183 923 266 1002 regia
280 922 461 996 adventaret,
481 924 609 986 incensis
627 924 781 1006 operibus,
798 943 874 1007 quae
887 932 1044 1002 statuerat,

125 1039 190 1083 cum
215 1019 339 1083 totidem
366 1019 490 1083 navibus
517 1029 606 1102 atquc
634 1030 698 1084 erat
726 1022 892 1104 proiectus,
914 1020 1046 1083 Athenas

124 1137 231 1198 magna
248 1135 316 1180 eum
334 1119 499 1181 offensione
519 1117 628 1180 ciuium
654 1137 778 1181 suorum
802 1119 923 1181 rediret.
947 1118 1045 1180 docn-

125 1225 205 1279 satus
221 1233 292 1295 ergo
318 1214 511 1296 proditionis,
530 1216 628 1298 quod,
649 1234 717 1277 cum
745 1214 853 1278 Parum
877 1233 1047 1296 expugnare

126 1321 235 1394 posset,
250 1333 267 1374 a
285 1330 355 1390 rege
369 1320 537 1393 corruptus,
550 1312 668 1376 insectis
678 1313 810 1389 rebus‚a
825 1331 923 1394 pugna
937 1311 1047 1373 disces·

125 1411 220 1473 sisset.
242 1409 285 1472 llo
300 1417 433 1491 tempore
450 1427 537 1488 aeger
553 1418 616 1472 erat
634 1409 818 1487 vulneribus,
839 1428 916 1491 quae
939 1407 972 1470 in
988 1426 1045 1488 op-

125 1506 282 1588 pugnando
301 1505 408 1588 oppido
430 1517 596 1588 acceperat.
615 1506 732 1588 Itaque,
751 1506 893 1589 quoniam
912 1505 977 1586 ipse
993 1522 1046 1584 pro

125 1623 155 1666 se
173 1605 274 1666 dicere
292 1623 352 1666 uon
379 1613 496 1685 posset,
523 1604 613 1666 rerba
635 1623 689 1685 pro
714 1622 750 1668 eo
777 1603 848 1666 lecit
865 1603 958 1665 irater
980 1601 1046 1664 eius

125 1700 292 1781 Tisagoras.
315 1700 410 1764 Causa
430 1701 559 1779 cognita,
583 1701 689 1782 capitis
715 1701 891 1776 absolutus,
920 1699 1047 1781 pecuniae

125 1798 283 1861 mulctatus
300 1806 355 1860 est.
376 1797 478 1878 anue
496 1798 533 1859 lis
550 1797 766 1880 quinquaginta
783 1797 902 1860 talentis
924 1796 972 1876 (l)
992 1814 1046 1857 ae-

125 1895 243 1957 stimata
260 1904 318 1971 est,
336 1904 464 1977 quantus
492 1895 523 1957 in
548 1897 671 1957 classem
691 1903 827 1977 sumptus
848 1895 943 1956 lactus
968 1901 1044 1954 erat.

126 1989 207 2053 Hanc
220 1991 376 2072 pecuniam
388 1992 468 2072 quod
479 1993 592 2054 solvere
609 1992 822 2072 inpraesentia
839 2010 899 2052 non
918 1997 1045 2070 poterat,

126 2088 157 2150 in
174 2089 292 2150 uincula
314 2089 432 2171 publica
451 2089 498 2170 (ἓ)
516 2090 668 2151 coniectus
686 2098 741 2165 est,
760 2088 864 2169 ibique
882 2087 960 2148 diem
974 2085 1048 2148 obiit

127 2204 310 2266 supremum.

166 2281 241 2345 VIII.
261 2282 315 2345 llic
342 2283 397 2345 etsi
425 2282 549 2345 crimme
565 2281 651 2344 Pario
677 2291 722 2345 est
744 2289 919 2359 accusatus,
948 2288 1048 2344 tamen

126 2380 184 2441 alia
198 2380 254 2442 luit
270 2399 360 2442 causa
375 2380 585 2444 damnationis.
604 2379 738 2461 Namque
756 2378 950 2442 Athenienses
975 2396 1047 2459 pro·

128 2485 192 2557 pter
208 2476 354 2539 Pisistrati
372 2477 419 2558 (3)
445 2477 641 2557 tyrannidem,
663 2495 739 2558 quae
756 2477 859 2559 paucis
878 2475 964 2538 annis
979 2483 1048 2537 ante

128 2574 235 2651 lucrat,
252 2574 385 2637 omnium
401 2591 522 2637 suorum
543 2568 651 2637 civium
674 2575 836 2656 potentiam
855 2573 902 2655 (t)
920 2573 1047 2637 extime-

158 2736 189 2792 (Ι)
205 2737 328 2783 Talentum
340 2740 444 2797 atticum,
455 2739 475 2784 sl
485 2749 541 2784 cum
552 2738 631 2785 nostra
640 2740 743 2797 paruula
754 2748 882 2798 mperes,
894 2740 929 2784 est
940 2739 999 2783 55⁰0
1005 2735 1049 2795 fr..-

129 2806 199 2848 erunt
213 2815 268 2860 ergo
278 2805 448 2862 qulnquaginta
463 2805 549 2852 talentu
561 2804 633 2851 lerme
648 2805 745 2863 araneo
758 2802 859 2862 francor.

160 2872 190 2928 t2)
206 2873 309 2929 Itemque
324 2886 378 2920 aere
392 2875 469 2920 alieno
484 2874 595 2932 obligati,
610 2873 668 2930 quln
684 2874 775 2918 solvere
790 2874 897 2932 possent,
915 2873 941 2918 ln
956 2871 1050 2917 vlncula

129 2939 328 2998 conllciebentur3
343 2943 462 3001 canutam,
478 2942 513 2987 vel
521 2943 610 3001 prlvata
620 2942 693 3000 erant,
707 2942 744 2986 vel
759 2941 860 2999 publlca,
869 2940 938 2998 prout
947 2940 1049 2997 privatus

131 3010 167 3054 vel
179 3008 310 3068 respublica
324 3011 406 3054 eontra
420 3009 555 3059 obaeratum
567 3010 657 3066 egisset.
674 3009 734 3054 lllno
749 3008 821 3054 verba
834 3008 943 3068 obttpott,
962 3008 1051 3052 solvere

131 3078 153 3122 el
167 3077 214 3122 alia
227 3076 313 3134 qulbus
324 3076 399 3121 Latlnl
411 3078 507 3136 propria
520 3077 691 3133 algoldcetlonc
707 3077 746 3122 usl
759 3077 822 3122 sunt.

160 3143 190 3201 tel
206 3145 259 3203 Qut,
274 3143 401 3189 ronulliato
413 3144 457 3189 albi
472 3145 553 3203 popull
568 3143 655 3204 lavore,
665 3143 758 3190 ttbanls
773 3155 810 3188 res
822 3141 950 3199 usurpavit,
966 3143 1052 3187 tenult-

129 3222 175 3267 que
192 3211 285 3268 lrlglntn
299 3209 370 3255 terma
386 3221 434 3256 noo
449 3213 575 3258 coutlnuos
589 3223 674 3271 annos,
690 3221 763 3268 usque
778 3209 808 3254 ad
823 3209 910 3254 uxrrnl
922 3211 975 3254 ante
987 3209 1051 3255 cbri-

129 3281 189 3324 otum
203 3281 290 3324 natum.
306 3278 395 3324 Exinde
410 3278 503 3324 asslduu
517 3279 693 3326 Atheniensium
709 3280 731 3324 'm
747 3278 864 3338 prluclpes
878 3277 975 3323 oinium
988 3279 1052 3322 vlroa

130 3346 264 3404 soboltudo,
279 3346 354 3392 donec
369 3347 462 3413 tandem
487 3347 558 3393 huius
578 3349 718 3393 avertendae
733 3357 815 3390 caussa
828 3347 992 3392 ostraclsmnm
1014 3347 1051 3392 tn·

131 3424 223 3461 venere.

158 3481 188 3541 tt>
204 3481 332 3528 Potentiam
343 3482 384 3544 alt,
400 3495 448 3531 non
460 3486 605 3544 potestatem,
623 3495 685 3542 quae
699 3483 802 3542 leglllmo
814 3489 858 3528 est.
