2452 3938
533 337 611 406 viii.

379 508 752 627 runasrnutus.

148 857 179 920 l.'
195 855 417 936 Thrasybulus,
436 854 504 936 byei
531 856 627 934 iilius,
654 857 848 921 atheniensis.
875 857 904 922 Si
930 880 984 943 per
1001 880 1034 925 se

105 955 214 1029 uirtus,
238 953 304 1014 sine
327 950 461 1029 fortune,
490 953 682 1034 ponderanda
704 955 765 1033 sit,
795 955 899 1018 dubito
925 978 963 1020 au
985 960 1033 1040 (l)

109 1052 189 1115 hunc
208 1051 339 1131 primum
353 1050 485 1111 omnium
498 1051 619 1132 podem.
633 1050 679 1113 llli
696 1051 761 1115 sine
780 1052 870 1115 dubio
882 1056 1033 1119 neminem

108 1149 247 1232 praefero
267 1146 343 1224 fide,
371 1147 551 1226 constantia,
569 1148 773 1227 magnitudine
798 1150 904 1228 animi,
928 1152 957 1213 io
978 1171 1039 1233 pa·-

107 1247 196 1325 triam
208 1263 322 1307 amore.
341 1243 426 1321 Nam,
447 1245 525 1326 quod
542 1244 626 1306 multi
644 1246 813 1323 voluerunt,
827 1247 914 1327 pauci
926 1256 1034 1329 potue-

95 1348 192 1419 runt,
213 1341 251 1419 ab
268 1360 329 1404 uno
349 1351 471 1423 tyranno
490 1341 614 1423 patriam
634 1341 784 1419 liberare3
810 1343 880 1406 huic
898 1345 1038 1423 contigit,

108 1450 143 1504 ut
159 1460 176 1503 a
194 1440 316 1517 triginta
334 1457 504 1520 oppressam
533 1440 665 1520 tyrannis
684 1458 700 1502 e
724 1440 866 1504 seruitute
882 1441 914 1502 in
937 1440 1034 1503 liber-

107 1547 200 1601 tatern
220 1537 382 1599 vindicaret
394 1536 452 1617 (2).
473 1534 528 1598 Sed
545 1537 645 1599 nescio
665 1556 724 1619 quo
740 1534 845 1615 modo,
861 1557 928 1601 cnm
945 1558 1034 1602 nemo

109 1653 177 1698 eum
197 1635 325 1696 anteiret
343 1634 389 1695 his
407 1632 578 1709 virtutibus,
599 1634 684 1697 multi
703 1635 859 1698 nobilitate
875 1636 923 1716 (3)
944 1655 1035 1717 prae-

109 1740 317 1819 cucurrerunt.
343 1729 495 1807 Primum,
523 1731 738 1813 peloponnesio
764 1718 959 1795 bello'multa
986 1732 1036 1794 hie

110 1831 175 1894 sine
189 1827 343 1891 Alcibiade
360 1828 461 1905 gessit:
482 1829 532 1891 ille
550 1831 662 1891 nullam
676 1847 741 1910 rem
756 1831 831 1893 sine
853 1829 928 1892 hoe:
958 1848 1036 1911 quae

110 1927 161 1990 ille
178 1926 319 1988 uniuersa
332 1926 461 1987 naturali
479 1926 608 2007 quodam
621 1926 700 1988 bono
715 1926 786 1988 iecit
803 1925 891 1988 lucri.
912 1924 970 1988 Sed
984 1927 1036 1988 illa

110 2036 211 2089 tamen
236 2022 336 2085 omnia
354 2023 524 2084 eommunia
543 2023 774 2104 imperatoribus
802 2043 870 2086 eum
889 2021 1034 2085 militibus

111 2133 140 2188 et
157 2125 289 2197 fortuna,
308 2121 386 2202 quod
404 2120 436 2182 in
454 2120 560 2201 proelii
577 2139 723 2184 concursu
739 2122 802 2183 abit
813 2140 890 2184 resa
909 2118 1033 2182 consilio

110 2221 242 2298 advises
259 2219 377 2300 vimque
389 2217 597 2298 pugnantium.
617 2216 720 2300 ltaque
735 2218 801 2280 iure
818 2236 871 2280 suo
890 2216 1035 2279 nonnulle

110 2319 148 2382 ab
165 2318 346 2398 imperatore
365 2313 471 2392 miles,
495 2314 623 2396 plurima
646 2334 714 2377 vero
739 2317 858 2377 fortuna
883 2313 1031 2376 vindicat:

110 2431 203 2496 seque
226 2412 277 2474 hic
295 2411 360 2493 plus
376 2410 503 2474 coluisse
523 2430 611 2493 quam
635 2410 719 2476 ducis
737 2412 924 2494 prudentiam
936 2428 1035 2490 ,mere

110 2518 208 2594 potest
222 2508 406 2591 praedicare.
432 2507 529 2580 Quare
554 2509 628 2572 illud
646 2509 971 2589 magnificentissimum
991 2508 1035 2570 sa·

110 2618 192 2671 ctum
209 2606 362 2690 proprium
382 2613 427 2670 est
437 2605 622 2688 Thrasybuli.
639 2607 709 2670 Nam
727 2626 794 2670 eum
807 2607 928 2686 triginta
937 2615 1035 2688 tyran·

111 2705 156 2782 ni,
171 2704 364 2788 praepositio
381 2703 635 2782 Lacedaemoniis,
655 2706 795 2768 seruitute
817 2724 973 2787 oppressas
986 2712 1034 2766 te-

111 2809 220 2867 nerent
243 2801 393 2876 Athenas,
413 2802 556 2882 plurimos
575 2803 671 2880 cives,
695 2802 804 2884 quibus
828 2803 859 2864 iu
882 2803 960 2864 hello
979 2820 1034 2882 pe·

145 3002 178 3058 (l)
193 3001 252 3048 ital:
268 3003 358 3050 Dubito
376 3015 400 3048 ee
419 3008 496 3061 questo
516 3008 538 3052 te
558 3017 605 3050 non
620 3005 691 3050 delibo
706 3007 803 3052 innanzi
816 3017 831 3050 o
845 3007 900 3050 tutti
915 3004 1036 3049 mundare.

111 3070 150 3116 An
162 3071 224 3117 enim
239 3071 357 3116 interdum
373 3072 442 3118 ettam
460 3071 490 3119 ab
505 3075 608 3132 optimae
630 3073 699 3119 notae
713 3072 866 3131 scriptoribus
880 3085 923 3132 pro
938 3085 969 3119 on
988 3085 1035 3118 non

113 3139 249 3263 uspgpiffit'
260 3205 350 3265 Patent,
363 3212 452 3252 mentre
464 3207 541 3253 henne
558 3208 623 3252 mclii
637 3208 728 3267 veluto,
742 3207 813 3266 pochi
822 3213 903 3266 poento
919 3210 943 3255 le
955 3213 1036 3268 petrin

115 3274 146 3318 du
160 3285 193 3318 nn
206 3273 254 3318 celo
266 3276 361 3320 tiranno
371 3274 491 3336 (roncore,
507 3289 522 3320 a
535 3278 609 3320 cestria·
623 3288 723 3322 ouoenne
742 3278 768 3323 dl
787 3278 886 3338 poteria,
908 3277 991 3339 efflicte
1005 3278 1036 3322 do

116 3344 198 3400 inette,
213 3340 325 3386 oliberid
340 3343 544 3400 duil’oppressione
558 3343 680 3389 cendum.

146 3406 177 3462 (5)
192 3407 311 3470 Nobilitas,
326 3409 386 3456 idest
400 3411 549 3470 noncibliitas,
565 3421 613 3456 nou
628 3410 658 3456 ad
672 3422 754 3470 genus,
770 3412 812 3458 sed
827 3412 856 3458 od
870 3411 955 3459 lamam
972 3412 1038 3473 apud

118 3471 222 3523 homines
231 3475 336 3523 refertor.
425 3485 429 3493 ·
