2452 3938
126 224 168 288 90
519 239 653 289 carmus

56 416 58 420 ι
126 333 247 403 mazimi
264 333 410 416 eorporis,
433 333 620 416 terribilique
645 335 742 413 facie,
766 335 845 418 qnod
868 343 899 401 et
916 336 1072 419 rigeret,

126 433 232 514 capillo
244 432 344 510 longe,
358 429 510 511 barbaque
519 432 751 513 erat‹prarnissa,
760 434 874 514 optima
883 442 964 497 veste
977 453 1054 501 aaa·

126 531 208 605 texit,
228 547 318 612 quam
336 536 470 609 satrapae
484 529 559 606 regii
574 547 677 607 gerere
695 538 923 615 consueverant.
948 527 1053 597 Orne-

125 629 167 699 rit
179 627 268 691 etiam
288 634 393 706 torque
411 635 499 705 atque
514 626 642 693 ,armillis
660 627 769 704 aureis,
789 628 1051 708 ceteroqueregie

125 727 229 803 cultu3
256 724 320 804 ipse
343 722 450 800 agresti
472 721 643 805 duplicique
669 725 797 789 auricula
821 724 1025 796 circumdatus
1034 771 1051 804 .,

125 821 262 902 hirtaque
287 817 399 896 tunica,
424 836 528 897 gerens
551 819 583 881 in
599 819 695 902 capite
711 821 825 898 galeam
843 821 1051 900 venatoriam,

113 919 226 1000 ,derha
248 935 338 979 manu
356 917 480 1002 clavam,
504 916 626 979 sinistra
650 917 890 998 copulamque
915 915 1051 985 viantum
1105 975 1110 986 ,

124 1025 193 1077 aute
210 1031 243 1076 se
258 1011 370 1092 Thynoi
390 1013 506 1091 agebat,
523 1021 556 1075 nt
574 1012 601 1081 si
612 1013 705 1076 leram
719 1012 846 1079 bestiam
859 1021 982 1095 captam.
996 1013 1052 1081 du·

124 1119 215 1179 caret
235 1108 329 1190 Querp
352 1129 419 1178 cum
438 1129 542 1180 omues
559 1111 763 1192 prospicerent
783 1118 908 1191 propter
927 1109 1051 1178 nouita-

124 1216 184 1282 tem
204 1216 346 1286 ornatus,
374 1206 567 1290 ignotamque
588 1208 737 1284 formam,
766 1205 803 1268 ob
832 1224 959 1289 eamque
982 1224 1049 1275 rem

124 1324 248 1384 magnus
261 1313 340 1369 essct
360 1321 534 1381 concursum
554 1302 610 1365 suit
627 1322 687 1367 non
706 1320 809 1380 nemo,
826 1303 877 1383 qui
900 1321 1049 1380 agnesce-

123 1412 170 1466 rot
187 1402 300 1484 Thyum
310 1446 320 1477 ,
338 1399 639 1480 regiquennnciaret.
666 1397 774 1468 Primo,
788 1417 848 1461 non
871 1399 1048 1471 accredidit.

123 1498 226 1580 ltaque
244 1495 469 1559 Pharnabazum
489 1495 569 1559 misit
590 1496 795 1576 exploratum:
820 1515 837 1558 a
854 1514 915 1577 quo
933 1505 1050 1563 utrem

122 1605 235 1679 gestam
253 1582 409 1674 abruperit,
428 1592 527 1655 statim
542 1591 659 1661 adruitti
676 1592 774 1671 iussit,
793 1611 975 1676 magnopere
987 1594 1048 1659 de-

85 1743 88 1750 .
123 1695 247 1757 lactatus
260 1708 328 1753 oum
346 1689 436 1767 facto,
456 1699 518 1762 tnm
535 1697 653 1759 ornatu:
670 1689 700 1751 in
716 1690 821 1771 primis
836 1691 916 1772 quod
934 1691 1048 1759 nobilia

122 1809 175 1853 rex
196 1789 226 1850 in
240 1794 415 1869 potestatem
433 1785 601 1867 inopinanti
616 1795 746 1861 venerat.
763 1785 876 1868 Itaque⁴
888 1787 1048 1866 magnilica

123 1887 267 1964 Datamen
285 1885 425 1947 donatum
453 1883 499 1958 aa,
518 1883 678 1946 exercitum
698 1884 798 1963 misit,
817 1883 871 1966 qui
889 1892 952 1955 tum
970 1896 1049 1948 oon·

124 1983 309 2061 taalrebatur,
328 1981 404 2043 duce
420 1979 609 2043 Pharnabazo
628 1990 659 2043 et
674 1980 856 2058 Tithrauste,
875 1981 911 2044 ad
930 1980 1046 2051 bellum

123 2082 291 2164 aegyptium
315 2079 361 2160 (l)
381 2079 503 2160 parique
525 2096 594 2141 eum
622 2087 712 2159 atquo
740 2079 808 2143 illos
828 2078 954 2160 imperio
979 2097 1048 2149 esne

122 2181 219 2243 iussit
235 2177 343 2241 Postea
368 2195 435 2239 vero
451 2193 544 2258 quarn
558 2174 785 2250 Pharnabazum
813 2194 865 2239 rex
881 2177 1046 2264 revocarit,

122 2276 174 2339 illi
186 2292 303 2337 summa
320 2272 439 2355 imperii
457 2272 564 2334 tradita
581 2279 638 2335 est.

163 2371 212 2434 lv.
232 2370 285 2433 Hic
304 2389 383 2449 cum
394 2369 522 2433 maximo
547 2368 648 2433 studio
663 2377 849 2451 compararet
866 2336 1053 2450 exercitata,-

123 2469 346 2573 Aegyptumque
363 2442 509 2549 proticisci
522 2472 659 2547 pararat,
672 2465 770 2529 subito
795 2484 903 2545 arege
929 2466 1048 2534 litterae

121 2570 192 2625 sunt
206 2561 237 2639 ,ei
259 2560 377 2635 missae,
394 2567 427 2622 ut
439 2558 542 2640 Aspim
564 2557 782 2637 aggrederetur,
802 2560 854 2641 qui
871 2557 1046 2653 Quoniam

121 2659 274 2733 tenebat:¹
293 2675 369 2740 quae
389 2673 461 2735 gens
479 2656 556 2727 iacet
572 2674 663 2736 supra
684 2653 816 2722 Ciliciam
832 2657 891 2738 (2),
917 2657 1048 2723 comnis

125 2755 339 2839 Cappadociae.
351 2745 483 2835 Namque
494 2752 591 2834 Aspis,
602 2753 761 2815 saltuosam
774 2754 926 2832 regionem
939 2755 1047 2819 castel-

125 2855 222 2936 lisque
241 2850 545 2924 penitentiarum,
561 2867 621 2912 non
639 2850 733 2912 solum
749 2849 876 2932 imperio
892 2850 970 2929 regis
982 2870 1046 2915 ιιιιιι

125 2950 260 3033 parebat,
276 2949 430 3022 sedetiam
450 2947 590 3008 finitimas
607 2946 743 3024 regiones
761 2946 894 3023 vexabat,
909 2955 951 3024 et,
965 2965 1046 3028 quae

122 3049 185 3128 regi
201 3054 401 3130 portarentur,
421 3042 598 3126 abripiebat.
618 3042 766 3120 Datames,
793 3042 849 3106 etsi
863 3044 950 3122 louge
967 3043 1046 3108 aba·

122 3156 169 3210 rat
184 3145 222 3208 ab
235 3145 281 3206 his
292 3142 463 3222 regionibus
478 3142 538 3223 (3),
558 3150 616 3203 eta
633 3140 745 3203 maiore
757 3158 790 3203 re
801 3139 1044 3219 abstrahebatur,

153 3328 280 3389 (licentra
294 3331 409 3394 Taabnm,
424 3336 490 3392 qnia
504 3344 558 3390 rege
573 3327 698 3377 deleuerat.
1059 3385 1061 3390 Ι

151 3397 184 3456 (2)
196 3397 258 3443 luter
270 3399 415 3452 naumurum
429 3402 454 3448 et
467 3405 587 3447 amanum:
601 3390 776 3449 recentioribus
788 3390 812 3436 lu
826 3389 885 3436 Coro
887 3391 973 3436 r.iouto

153 3464 337 3525 (hll’tolomaido
352 3469 430 3529 enlm,
455 3469 490 3514 vel
512 3471 537 3514 ut
558 3467 628 3512 antea
641 3458 813 3522 appellabatur,
824 3461 886 3516 heo,
904 3457 1054 3521 Phoeniciu
