2452 3938
141 191 181 253 io

137 298 204 362 dem
225 297 334 363 nostris
354 299 487 364 moribus
513 302 598 366 naias
615 301 752 366 habetur.
773 302 916 370 Laudiin
941 302 1063 371 Graecia

136 394 254 458 ducitur
270 397 499 461 adolescentulis
521 419 612 480 quam
636 399 781 480 plurimos
806 401 916 465 babere
944 413 1061 465 amato-

135 509 183 554 res
202 491 262 572 (t).
278 491 364 555 Nulla
381 492 597 558 Lacedaemoni
616 495 663 577 (t)
688 505 748 558 tam
771 507 817 560 est
833 497 942 560 nobilis
960 498 1060 575 vidua,

135 607 213 670 quae
228 607 288 650 non
307 589 343 651 ad
367 609 485 653 scenam
505 600 573 668 cat,
594 592 731 658 mercede
753 593 898 657 conducta
917 595 978 676 (3).
998 594 1061 658 lla·

134 685 202 764 guis
218 685 250 747 in
263 686 401 748 laudibus
413 696 474 749 tota
484 687 541 749 init
557 687 680 752 Graecia
694 689 834 753 rictorem
848 688 999 774 Olympiae
1012 694 1060 774 (t)

134 782 232 860 citari;
251 782 282 844 in
300 802 420 846 scenam
437 803 503 847 vero
529 786 659 866 prodire,
679 793 709 848 ct
726 788 835 869 populo
859 807 923 850 esse
939 800 1059 869 specta-

134 879 214 956 culo,
234 879 347 941 cercini
364 880 396 941 iu
411 879 523 943 eisdem
541 882 680 960 gentibus
699 882 755 945 init
773 884 961 965 turpitudini.
977 883 1060 958 Quae

74 973 76 976 ⁴
133 975 235 1038 omnia
252 976 330 1057 apud
348 995 403 1038 nos
417 977 526 1058 partim
541 977 677 1055 infamia,
696 980 803 1060 partim
823 980 948 1042 humilia
967 989 1058 1064 atque

133 1071 171 1134 ab
190 1071 344 1136 honestate
361 1084 477 1137 remota
500 1084 652 1156 ponuntur
669 1075 729 1157 (5).
750 1075 857 1140 Contra
885 1097 931 1155 ea,
956 1079 1057 1161 plera-

162 1261 193 1321 (i)
209 1261 319 1322 scilicet,
344 1273 397 1307 cum
421 1263 504 1308 Graeci
519 1264 668 1318 omnigenam
690 1262 893 1322 pulcritudinem,
909 1275 956 1309 non
968 1267 1055 1314 tanturn

130 1341 175 1389 pro
194 1328 287 1374 illorum
307 1330 487 1386 exquisitissimo
512 1330 600 1375 iudicio
618 1330 763 1389 spectarent,
778 1329 820 1375 sed
840 1333 864 1376 et
883 1330 1056 1388 quodammodo

129 1398 248 1454 colerent,
259 1396 337 1455 tiebat,
352 1399 379 1441 ut
392 1397 456 1441 laudi
467 1408 511 1441 sna
524 1395 627 1442 iormoso
639 1397 725 1454 cuique
736 1394 912 1442 adolescentulo
920 1398 1055 1454 pulcritudo

130 1465 228 1510 maxime
243 1464 311 1528 esset,
326 1463 408 1508 eodem
424 1464 493 1523 plane
514 1464 598 1521 pacto,
614 1475 663 1520 quo
678 1463 770 1509 athletis
785 1466 809 1509 in
827 1465 969 1512 solemnibus
984 1468 1054 1517 Grae·

123 1533 180 1593 ,ciac
191 1531 252 1576 ludis
261 1531 329 1590 aptae
343 1533 451 1589 corporis
460 1532 528 1577 vires.
540 1530 608 1576 iiunc
620 1531 698 1576 autem
714 1542 829 1591 amorem,
844 1544 909 1590 quo,
923 1545 977 1578 cum
998 1549 1054 1595 erga

128 1601 231 1645 ceteram
253 1597 448 1658 pulcritudinem,
469 1600 518 1643 tom
540 1610 597 1644 vero
619 1610 675 1656 erga
694 1599 808 1656 ingenuos
827 1602 851 1646 et
873 1601 944 1648 scitae
966 1601 1054 1654 tormen

128 1677 216 1725 pueros
231 1665 591 1724 Graeci-accendebantur,nihii
604 1678 660 1724 prae
674 1678 699 1711 se
714 1667 782 1724 turpe
794 1666 883 1726 tulisse,
898 1670 937 1714 vel
946 1669 1055 1734 Socratis,

128 1732 256 1790 gravissimi
271 1733 334 1778 illius
345 1733 396 1790 viri,
408 1734 516 1791 exemplo
528 1733 657 1793 probatur3
670 1733 721 1791 qul,
736 1744 811 1791 quum
824 1734 979 1797 Alcibiadem,
998 1740 1053 1787 ado-

46 1845 48 1850 ,
126 1800 252 1846 lescentem
266 1798 358 1859 adhuc,
381 1801 481 1850 amaret,
503 1800 570 1844 nulla
594 1801 679 1846 amoris
693 1799 730 1845 sul
752 1800 818 1856 signa
842 1799 919 1844 tamen
942 1805 1052 1866 ostendit,

126 1877 198 1923 quam
213 1878 273 1924 quae
289 1865 350 1911 illios
364 1866 493 1926 educandi,
508 1868 648 1928 optimisque
670 1866 768 1925 artibus,
784 1867 810 1911 ui
831 1865 987 1924 pulcritudini
1001 1882 1053 1919 cor·

126 1934 271 1991 portsoulmi
287 1932 382 1991 quoqne
402 1935 539 1992 pulcritudo
550 1936 681 1992 constaret,
702 1932 843 1979 instituendi
855 1931 929 1979 inere.
944 1935 978 1981 lta
988 1941 1052 1987 enirn

125 2012 230 2047 amorem
246 2002 336 2060 Graeci,
352 2004 484 2059 praesertim
498 2015 555 2050 vero
571 2003 703 2050 Socraticae
717 2002 795 2047 sectae
811 1998 966 2063 philosophi,
981 2005 1052 2052 intei-

125 2068 237 2128 itgebant,
252 2070 321 2126 quasi
332 2070 421 2114 amator
437 2072 523 2130 amato,
534 2073 571 2117 rel
581 2071 680 2116 amatori
687 2071 777 2116 amatus
789 2068 922 2114 vehiculum
939 2073 1053 2128 quodam·

126 2139 197 2183 modo
212 2138 242 2183 ad
256 2139 359 2196 speciem
370 2138 572 2196 contemplandam
590 2139 682 2185 divinae
705 2139 874 2194 universaeque
888 2138 1051 2197 pulcritudinis

125 2206 192 2265 esset,
209 2207 306 2251 materia
320 2206 385 2251 omui
407 2217 435 2251 ac
449 2206 543 2252 sordida
565 2207 694 2267 cupiditate
717 2207 800 2265 procul
814 2206 899 2252 amota.
919 2207 979 2254 ilinc
994 2220 1052 2256 vero

125 2273 190 2331 putot
203 2285 251 2331 qua
265 2273 295 2320 de
310 2284 382 2319 causa
393 2273 503 2334 Romani,
520 2287 575 2321 cum
597 2274 627 2320 ad
641 2274 788 2321 sublimiores
807 2275 948 2321 Graecorum
963 2279 1051 2334 cogita·

125 2340 209 2398 tlones,
225 2341 306 2398 utqui
319 2339 393 2396 magis
404 2340 475 2385 dediti
489 2342 598 2388 sensibus
612 2343 696 2400 essem,
712 2340 809 2386 minime
821 2342 976 2401 assurgerent,
988 2343 1051 2392 hane

124 2406 268 2452 Graecorum
281 2406 463 2453 adolescentium
479 2408 585 2468 laudem,
600 2419 709 2468 perversa
724 2406 876 2466 interpretati,
890 2411 985 2467 praeter
998 2413 1050 2470 opl-

125 2476 222 2522 nionem
236 2487 286 2520 rem
301 2485 351 2520 esse
366 2473 484 2532 putarent.

155 2540 186 2601 (2)
202 2541 370 2588 Lacedaemoni
382 2552 426 2600 pro
436 2541 617 2589 Lacedaemone.
627 2541 694 2601 ipud
704 2542 845 2588 vetustiores
853 2552 922 2589 ossus
933 2543 1050 2592 ablativus

125 2611 209 2656 tertiae
223 2609 387 2656 declinationis
401 2607 525 2654 desinebat
539 2611 564 2655 iu
578 2623 591 2654 e
605 2610 642 2656 vel
657 2611 682 2655 iu
699 2612 720 2660 t‚·
735 2607 832 2656 tortasse
849 2609 913 2666 quod
932 2611 991 2657 altar
1005 2612 1049 2668 ,hic

123 2689 191 2724 casus
204 2679 303 2736 reliquia
317 2678 378 2724 esset
402 2687 469 2721 casus
489 2678 599 2737 iocativi,
613 2677 743 2735 antiqmtus
756 2676 819 2735 apud
840 2678 926 2723 latinos
940 2677 1049 2730 obsoiett.

124 2744 157 2792 ct.
167 2744 247 2792 adnot.
256 2745 374 2805 adllpam.
389 2759 441 2807 cap.
457 2749 481 2796 i.

155 2815 187 2872 (tii
201 2813 264 2871 Quid
277 2812 316 2860 hic
330 2815 375 2861 sibi
390 2817 443 2863 velit
457 2817 594 2877 Cornelius,
606 2826 680 2874 quum
696 2815 832 2874 praesertim
846 2812 898 2859 iudi
912 2816 999 2861 scenici
1008 2818 1049 2861 mi·

124 2883 186 2929 nime
200 2881 265 2941 apud
289 2882 473 2932 Lacedaemonas
486 2897 516 2932 ex
528 2885 625 2944 Lycurgi
639 2884 730 2943 legibus
739 2883 877 2941 obtinerent,
889 2882 936 2926 iam
949 2883 1049 2931 multum

122 2951 167 3010 est,
182 2961 255 3008 quum
267 2949 386 3009 disputant
398 2953 488 3000 emditi.
506 2954 566 2999 lium
576 2953 606 2999 lis
621 2953 666 2999 sub
681 2951 760 2998 indice
775 2953 822 3010 esi,
833 2948 994 2996 animadverte
1006 2952 1047 3010 sis,

123 3018 263 3064 insolentem
278 3019 345 3065 verbi
356 3021 424 3066 odire
439 3022 520 3068 tmesin
532 3021 557 3066 iu
572 3020 619 3066 hoo
634 3022 666 3066 od
678 3032 770 3065 meacm
784 3023 828 3064 eat.

154 3084 184 3144 (ii
195 3085 253 3131 tirhs
262 3085 332 3131 liiidis
341 3077 452 3144 Pisatitlis,
460 3100 522 3146 qnae
536 3089 620 3147 quarto
629 3099 727 3145 quoque
738 3097 801 3132 anno
808 3085 924 3130 solemnes
937 3083 1048 3129 Graecias

122 3152 191 3198 ludos
202 3155 354 3212 iustsmaret3
366 3168 430 3202 nuuc
441 3157 503 3202 inter
513 3157 578 3203 illius
587 3157 667 3202 ruinas
679 3166 752 3214 pagus
760 3153 851 3198 Miroco
861 3151 959 3197 somine
967 3151 1041 3210 surgit

154 3220 188 3280 (5)
198 3220 310 3280 Namque,
326 3222 353 3267 ut
367 3222 492 3270 Victoreltii
508 3224 582 3270 nostri
597 3224 668 3268 verba
683 3223 797 3266 dicamus:

360 3320 430 3336 .....
440 3291 465 3335 ni
477 3292 552 3336 severi
563 3291 613 3347 ligii
627 3290 666 3337 dei
681 3289 771 3347 Tarpeo

358 3357 403 3403 Era
417 3357 499 3420 deiitto
513 3359 646 3417 passegglnr
659 3357 681 3403 lc
695 3367 775 3404 meus.

123 3420 151 3467 b.
168 3433 222 3468 vero
237 3420 360 3482 Laberius,
379 3435 451 3481 eques
466 3435 590 3471 romanus.
605 3436 620 3470 a
634 3425 651 3471 i.
661 3426 757 3470 (lemare
771 3424 868 3469 coactus
900 3419 983 3465 mimos
998 3419 1050 3478 ipsa
