2452 3938
502 268 638 328 nonanes
973 273 1035 335 tm

91 377 247 442 omuibus
269 375 407 441 mirabile
429 387 475 441 est
490 379 602 456 risum,
621 387 654 441 nt
669 377 803 442 iumenta
825 398 921 461 aeque
939 380 1034 444 nitida

90 496 136 538 ex
156 475 280 538 castello
297 475 453 551 educeret,
475 495 544 539 cnm
564 476 733 557 complures
752 495 870 540 menses
896 476 927 538 in
954 477 1034 541 obsi·
1063 521 1065 525 -

93 573 194 635 dione
209 570 315 634 luisset
324 617 333 649 ‚
353 591 388 634 ae
405 573 430 634 si
446 572 477 635 in
492 572 759 654 campestribusea
773 573 847 636 locis
866 573 1030 636 habuisset.

92 667 131 731 In
158 669 218 731 bac
237 669 429 732 conclusione
443 670 504 752 (l),
529 671 777 752 quotiescumque
801 672 912 749 voluit,
938 689 1032 752 appa·

98 775 210 830 ratum·
222 778 252 828 et
274 767 455 830 munitiones
471 766 611 846 Antigoni
624 768 698 830 alias
716 767 860 847 incendit,
881 768 955 831 alias
969 768 1032 831 dis·

97 863 185 928 iecit.
209 862 319 926 Tenuit
337 875 437 926 autem
456 883 489 928 se
507 883 567 927 nno
586 865 652 927 loco
671 865 814 946 quamdiu
836 866 894 928 luit
911 866 1030 944 biems;

101 961 155 1024 sed
172 960 254 1042 quod
272 967 368 1022 eastra
386 960 440 1023 sub
460 960 636 1024 diobabcre
652 981 711 1024 non
729 971 857 1043 poterat,
873 973 901 1025 et
920 981 971 1026 rer
984 983 1034 1045 ap·

103 1053 343 1140 propinquabat,
364 1057 503 1121 simulata
522 1057 687 1135 deditione,
703 1059 773 1122 dnm
797 1060 833 1121 de
848 1059 1032 1123 conditioni·

105 1156 160 1217 bns
181 1161 303 1229 tractat,
318 1155 478 1234 praelectis
494 1154 634 1234 Antigoni
649 1154 792 1236 imposuit
804 1155 863 1237 (ἓ),
888 1174 981 1238 seque
998 1175 1032 1219 ae

107 1270 175 1315 suos
198 1268 302 1313 omnes
322 1250 446 1312 extraxit
464 1251 642 1315 incolumes.

143 1346 195 1411 VI.
220 1346 265 1409 Ad
288 1347 367 1408 buno
383 1345 550 1430 Olympias,
576 1359 670 1412 mater
690 1368 767 1431 qnae
789 1350 886 1411 luerat
907 1348 1033 1411 Alexan·

109 1445 170 1523 dri,
190 1463 259 1508 cum
287 1445 402 1507 litteras
423 1453 453 1506 et
470 1447 597 1508 nuncios
620 1445 750 1508 misisset
772 1447 802 1508 in
821 1445 940 1524 Asiam,
957 1465 1031 1508 con·

20 1625 24 1628 ι
108 1543 215 1605 snitum
230 1540 366 1620 ,otram
392 1544 549 1622 repetitam
576 1545 781 1607 Macedoniam
808 1544 922 1606 oerriret
945 1543 1030 1624 (nam

107 1647 167 1701 tum
190 1639 223 1700 in
244 1637 335 1720 Epiro
354 1637 509 1701 habitabat
522 1639 584 1721 (3))
597 1630 633 1702 'et
648 1658 697 1702 eas
710 1658 758 1702 res
775 1648 944 1720 oecoporet:
962 1631 1032 1702 hnic

107 1735 156 1799 ille
178 1736 309 1817 primum
332 1735 437 1813 suasit,
449 1751 491 1798 ne
503 1753 534 1798 se
548 1745 687 1813 moneret,
704 1745 731 1800 et
745 1746 922 1817 connecteret
936 1738 1033 1816 parad

106 1832 273 1898 Aleaapdri
292 1832 432 1915 filiorm
455 1850 583 1915 reprom
605 1833 835 1913 adipiscentem
858 1835 909 1896 sia
929 1835 1031 1914 alipoo

107 1932 264 2012 rapiditate
279 1939 437 2009 reperetur
456 1931 490 1992 ia
505 1932 722 2008 Macedoniam,
740 1931 873 1994 omnium
896 1931 1031 1994 intarta-

107 2046 173 2092 mm
183 2028 402 2092 oblivisceretur
414 2036 440 2089 et
451 2029 486 2090 r’a
501 2029 648 2090 neminem
664 2028 813 2091 acerbiore
825 2035 961 2092 uteretur
970 2028 1030 2089 im-

105 2126 198 2205 perio.
226 2122 339 2186 Horum
365 2124 441 2188 nibil
468 2144 504 2186 ea
531 2125 613 2187 iecit.
636 2124 805 2188 Namatio
828 2122 1030 2187 Macedoniam

108 2222 236 2303 prolecta
254 2210 312 2299 est,
332 2230 362 2284 et
379 2221 422 2284 ibi
437 2221 644 2284 crudelissime
666 2241 697 2283 se
715 2222 818 2300 gessit,
838 2219 946 2284 Petirit
973 2240 1031 2283 au·

107 2329 164 2382 tem
188 2319 227 2382 ab
239 2316 383 2380 >Eumene
402 2318 536 2396 absente,
556 2336 594 2380 ne
608 2327 763 2398 poteretur
780 2319 917 2400 Pbr'lr‘ppl
929 2320 1042 2388 aomos

109 2424 132 2478 et
151 2417 289 2498 familiae
306 2416 527 2479 inimicissimos
548 2417 668 2496 stirpem
697 2434 808 2496 poopae
835 2417 1030 2494 interimere,

109 2514 256 2593 [merrae
272 2529 355 2591 opem
376 2513 478 2574 liberis
499 2512 688 2577 Alemandri:
708 2532 796 2594 qoam
808 2515 963 2577 aerioma*
975 2516 1033 2577 sibi

109 2609 249 2690 darettb)
263 2610 483 2689 quamprimum
494 2611 641 2673 exercitas
650 2621 784 2690 peroret,
805 2628 876 2690 pam
893 2612 950 2675 sibi
965 2613 1033 2674 sob-

109 2707 180 2770 sldr'o
203 2706 381 2769 adduceret:
411 2705 443 2768 id
471 2723 527 2785 poa
550 2708 671 2789 facilem
693 2709 820 2789 faceret,
844 2725 874 2770 se
895 2710 1033 2770 omnibns

109 2793 272 2886 praesectis,
296 2803 348 2881 poi
362 2803 397 2864 in
413 2803 506 2883 officio
521 2806 697 2881 maneboot,
716 2806 831 2866 anteisse
849 2805 975 2881 litteras,
999 2812 1032 2868 at

135 2971 169 3028 (1)
184 2970 244 3018 itan:
256 2971 286 3016 la
300 2977 377 3030 queste
387 2978 464 3018 strette
472 2975 623 3022 dell'acsedr'o.

137 3037 168 3100 (2)
183 3039 229 3086 Eos
244 3039 344 3100 decepit3
361 3045 477 3098 imponere
493 3045 556 3089 enim
572 3056 615 3102 per
629 3043 721 3102 ellipsin
738 3043 826 3089 dlcilur
840 3042 869 3090 de
885 3055 921 3105 eo,
934 3043 978 3101 qul
992 3044 1035 3090 all·

113 3109 148 3153 cul
162 3107 251 3167 dolum,
266 3121 318 3169 sen,
336 3112 363 3155 ut
381 3111 466 3157 comici
493 3113 568 3171 alunt,
583 3111 682 3158 clitellas
700 3112 808 3171 imponit.
829 3113 905 3169 Quare
920 3111 1034 3170 videmus,

113 3172 169 3221 haue
183 3177 299 3235 loquendi
313 3179 436 3239 rationem,
450 3181 475 3224 in
490 3180 614 3238 subalpina
629 3193 725 3238 quoque
740 3180 842 3227 dialecto
855 3179 1034 3240 frequentatum,

114 3245 242 3295 germanam
258 3247 309 3290 esse
333 3243 441 3306 minam,
456 3258 543 3304 eosque
558 3259 679 3307 perperam
707 3247 792 3307 iacere,
816 3248 865 3308 qul,
880 3247 922 3294 ubl
932 3259 960 3294 ea
973 3249 1035 3294 inter

116 3309 185 3356 italice
206 3311 359 3358 scribendum
374 3315 455 3373 utaris,
471 3315 624 3371 gallicismum
635 3315 699 3362 illico
713 3314 801 3361 facturn
815 3328 865 3362 esse
880 3316 1048 3375 conclamant.¹

142 3375 171 3436 (ὅ)
186 3379 212 3424 ln
222 3390 297 3437 reguo
312 3382 417 3438 pateram
432 3393 486 3428 narn
498 3383 651 3444 Neoptolemi,
664 3381 727 3442 Epiri
738 3386 805 3442 regis,
820 3386 871 3431 erat
884 3385 940 3432 tilla.

143 3443 173 3502 (l)
188 3447 232 3502 Qui
247 3459 261 3493 e
275 3447 522 3509 desecationibus,
537 3453 589 3511 post
604 3451 726 3498 Alexandri
741 3454 839 3500 mortem
851 3455 921 3502 uatus
935 3454 978 3500 est.

145 3512 173 3565 151
187 3515 247 3562 itala
261 3517 281 3563 n
294 3528 319 3560 ce
337 3516 359 3562 le
371 3514 431 3571 forre
446 3519 472 3563 dt
481 3525 557 3576 questo
577 3525 670 3566 cortone.
