2452 3938
473 263 691 309 runnrsroouns
1005 252 1047 317 31Ι

121 353 151 418 ἱιι
165 353 340 432 sacrarium,
357 357 436 437 quod
454 372 571 419 summa
584 358 736 420 colebatur
752 360 950 438 caeremonia,
970 380 1045 423 coo-

122 452 200 515 iecit.
229 451 300 515 lude
317 471 378 514 oon
403 453 484 534 prius
510 471 645 532 egressos
669 463 735 531 est,
756 475 853 536 >quam
882 476 934 519 rex
961 475 1043 535 eum,

122 549 189 612 data
208 549 322 626 dextra,
342 549 375 611 in
397 550 486 613 fidem
507 550 664 631 reciperet.
686 550 779 623 Quam
801 555 957 634 praestitit.
971 553 1045 616 Nam

123 665 188 708 cum
214 647 251 709 ah
269 646 503 710 Atheniensibus
530 656 560 709 et
575 646 819 711 Lacedaemoniis
837 660 1046 731 exposceretur

124 743 252 826 publice,
272 744 437 825 supplicem
456 764 516 807 non
545 744 687 825 prodidit,
709 748 895 828 monuitque,
921 756 953 808 ut
970 766 1045 809 con-

125 841 233 903 suleret
250 839 319 902 sihi:
344 840 462 903 difficile
479 841 559 903 enim
579 841 693 904 esseio
712 851 770 904 tam
791 844 957 925 propinquo
979 844 1045 906 loco

126 947 185 999 tuto
201 955 270 999 eum
282 938 404 1000 versari.
419 937 521 1020 ltaque
536 938 667 1019 Pydnam
680 939 727 1020 (l)
741 958 809 1002 eum
824 940 932 1003 deduci
946 941 1044 1015 iussit,

126 1044 163 1111 et,
182 1035 264 1116 quod
278 1036 351 1097 satis
369 1044 447 1098 esset
461 1037 616 1117 praesidii,
632 1036 723 1101 dedit.
740 1036 801 1098 Hac
818 1055 850 1100 re
869 1039 980 1115 audita,
999 1038 1046 1099 hic

126 1132 154 1195 in
178 1150 283 1194 navem
303 1131 443 1196 omuibus
464 1134 582 1212 ignotus
598 1133 695 1194 nautis
713 1134 864 1196 ascendit:
885 1153 1046 1215 quaecum

127 1238 298 1312 tempestate
313 1230 442 1291 maxima
457 1229 570 1291 Naxum
586 1229 634 1310 (ἓ)
646 1229 785 1306 serretur,
807 1231 859 1291 ubi
878 1238 940 1292 tum
958 1231 1048 1293 Athe·

128 1328 273 1390 niensium
292 1335 356 1388 erat
370 1326 517 1389 exercitus
533 1326 592 1407 (3),
612 1327 705 1388 sensit
719 1326 947 1407 Themistocles,
966 1329 991 1390 si
1011 1347 1046 1390 eo

128 1426 317 1506 peruenisset,
331 1423 388 1485 sibi
405 1442 470 1485 esse
482 1423 680 1504 pereundum.
698 1422 759 1486 Hac
779 1426 954 1488 necessitate
979 1445 1049 1488 coa·

127 1532 203 1600 otus,
225 1521 346 1584 domino
365 1521 459 1598 navis,
490 1522 542 1603 qui
560 1521 617 1596 sit,
638 1521 754 1602 aperit,
774 1523 866 1584 multa
890 1523 1045 1605 pollicens,

128 1621 150 1682 si
166 1640 197 1682 se
215 1627 429 1683 conservasset.
449 1616 486 1680 ht
503 1619 564 1696 ille,
585 1618 742 1682 clarissimi
761 1620 816 1681 viri
834 1631 937 1703 captus
957 1623 1049 1685 mise·
1084 1632 1089 1641 '

128 1717 266 1795 ricordia,
285 1716 365 1780 diem
384 1727 561 1800 noctemque
575 1722 678 1800 procul
699 1719 736 1782 ab
755 1720 852 1782 insula
867 1721 898 1782 in
915 1721 978 1781 salo
998 1739 1050 1781 na-

128 1833 188 1876 vem
205 1814 302 1877 tenuit
318 1815 349 1876 in
368 1815 517 1892 anchoris,
543 1835 640 1898 neque
655 1836 834 1899 quemquam
854 1837 889 1880 ex
914 1835 950 1878 ea
968 1817 1048 1878 exire

128 1929 226 1990 passus
249 1920 305 1974 est.
337 1911 409 1974 lude
436 1913 586 1993 Ephesum
613 1915 660 1994 (d)
680 1915 824 1995 peruenit,
846 1914 949 1994 ibique
968 1912 1048 1974 The-

129 2009 289 2072 mistoclem
304 2009 434 2090 exponit:
456 2010 505 2073 cui
523 2010 573 2072 ille
596 2028 648 2091 pro
667 2011 780 2072 meritis
805 2010 928 2090 gratiam
945 2018 1048 2092 postea

129 2107 236 2170 retulit.

165 2202 214 2267 tx.
231 2201 299 2266 Scio
314 2203 472 2286 plerosque
492 2203 539 2285 (5)
558 2202 782 2285 descripsisse,
801 2202 1044 2280 Themistoclem,

128 2299 217 2364 Xerxe
236 2309 391 2379 regnante,
410 2301 442 2362 in
460 2299 559 2363 Asiam
583 2301 735 2364 transisse.
762 2298 821 2363 Sed
845 2319 898 2380 ego
925 2301 1048 2382 potissi·

130 2400 206 2462 mum
225 2397 390 2479 Thucydidi
408 2398 508 2476 credo,
528 2398 607 2480 quod
626 2406 722 2462 aelate
737 2399 888 2480 proximus
908 2408 971 2461 erat
986 2399 1046 2474 his,

129 2496 176 2576 qni
193 2495 325 2558 illorum·
345 2503 511 2576 temporum
538 2495 691 2558 historiam
718 2496 903 2577 reliquerunt
928 2496 989 2578 (6),
1020 2503 1050 2557 et

130 2591 258 2655 eiusdem
275 2591 402 2655 civitatis
416 2591 482 2654 luit.
502 2592 531 2654 ls
548 2604 647 2656 autem
670 2595 712 2657 ait
730 2596 767 2658 ad
792 2597 979 2658 Artaxerxem
1001 2592 1049 2674 (l)

156 2754 186 2810 (l)
199 2752 351 2800 hlacedoniae
364 2755 480 2800 maritima
495 2754 549 2801 urbs
563 2754 608 2801 luit
622 2757 647 2801 ln
658 2757 712 2802 slnu
725 2755 863 2802 Thermaico
874 2758 946 2813 (nunc
962 2758 980 2801 il
990 2754 1050 2812 polfo

133 2820 156 2866 dt
169 2820 288 2867 salonichi
297 2825 313 2878 ),
323 2822 492 2868 recenlioribus
503 2822 583 2868 deero.

159 2887 188 2946 (2)
199 2887 300 2935 ldaxlmn
311 2886 358 2934 tuit
372 2888 433 2934 inter
441 2889 550 2947 cycladas
560 2892 584 2936 et
592 2890 858 2949 celebratissimapodtis
865 2892 961 2950 propter
968 2889 1051 2936 Bacchi

135 2955 277 3002 olhrlednae
290 2954 381 3002 tabulas
396 2957 473 3003 insula
487 2959 556 3004 maris
570 2957 752 3017 degae13Ntcsto
768 2959 910 3005 recentiores
922 2957 1049 3017 appellunt.

159 3023 190 3080 td)
204 3023 272 3070 Tunc
281 3024 345 3069 enirn
357 3022 522 3086 forleNuxum,
537 3026 626 3072 insulae
638 3027 714 3085 caput,
729 3025 904 3084 oppugnabant.

160 3091 190 3149 (lt
206 3092 272 3138 hoino
293 3092 390 3138 ldlnoris
416 3093 577 3151 tl’Aootolta)
593 3095 616 3139 tn
630 3094 702 3151 ionio,
717 3094 802 3153 opibus
816 3093 840 3140 et
858 3093 943 3139 Dianae
962 3094 1051 3152 templo

134 3159 296 3206 nobilissimam
308 3160 398 3207 urbem.

157 3227 187 3285 (tt
202 3228 332 3288 Ephorum,
347 3229 478 3290 Dinoncm,
494 3229 650 3290 Clitarchum,
669 3229 817 3286 Heraclidem,
833 3242 847 3275 a
862 3228 987 3276 Plutarcho
1002 3241 1050 3276 me·

133 3296 240 3356 morales,
253 3307 357 3342 necnon
370 3296 499 3342 Diodorum
515 3297 617 3342 Siculum
635 3297 683 3355 (xl,
695 3298 741 3349 39)
754 3297 865 3355 aliosque.

160 3363 191 3422 tol
201 3365 275 3411 Natus
281 3365 643 3424 ostentaquatuorannos,quam
651 3365 816 3412 Themistocles
823 3367 890 3412 exsul
899 3378 912 3411 e
920 3365 993 3423 patria
1000 3365 1050 3411 iret.

160 3431 187 3487 tl)
203 3431 284 3479 xerxe
296 3431 379 3492 illlum,
390 3437 546 3502 Μακροχεῖρα,
557 3444 598 3479 sou
609 3434 783 3492 longimanum,
794 3434 935 3493 appellatum
941 3445 971 3479 eo
983 3432 1050 3490 quod

135 3494 208 3546 dextre
225 3499 259 3549 llll
272 3509 355 3546 manus
370 3500 450 3554 paullo
464 3501 600 3557 productior
619 3505 678 3551 esso·
