2452 3938
542 246 669 295 rnocron
1003 235 1064 299 tea

141 365 210 410 nem
224 344 261 408 acl
277 362 359 407 arma
373 342 504 419 vocarit,
524 342 630 404 sedne
648 339 769 405 armatis
787 338 907 424 quidem
926 359 1064 422 praeesse

140 443 245 506 voluit.

182 539 233 603 Ill.
254 538 345 601 Erant
362 556 397 600 eo
414 546 545 618 tempore
568 535 690 597 Athenis
705 535 780 598 duae
802 534 965 614 lactione53
985 552 1063 616 qua·

139 654 205 700 rum
228 651 286 698 una
305 633 405 716 populi
431 652 549 696 causam
569 630 691 710 agebat,
710 633 803 694 altera
822 631 1009 713 optimatum.
1029 630 1062 694 In

141 735 197 797 hac
216 738 300 796 erant
316 730 446 794 Phocion
466 738 495 792 et
512 729 678 793 Demetrius
696 728 855 791 Phalereus
874 727 933 809 (l).
949 724 1062 790 Harum

140 841 268 913 utraque
289 827 482 890 Macedonum
498 826 671 908 patrociniis
689 826 856 903 nitebatur3
876 840 944 888 nant
964 842 1063 907 popu-

141 931 219 993 lares
236 925 477 1009 Polpsperchonti
491 922 539 1006 (2)
557 922 707 1000 iacebant,
731 923 889 1004 optimates
904 921 972 985 cum
989 920 1062 985 Cas-

138 1025 250 1088 sandro
276 1021 454 1086 sentiebant.
481 1019 639 1084 Interima
666 1010 916 1103 Polpsperchonte
933 1012 1062 1085 Cassan·

141 1123 195 1185 der
224 1119 393 1184 Macedonia
416 1119 518 1200 pulsus
547 1126 603 1181 est.
633 1115 697 1190 Quo
720 1118 797 1179 lacto
823 1117 949 1199 populus
971 1132 1062 1196 supe-

140 1214 205 1278 rior
220 1214 324 1290 iactos,
347 1211 446 1273 statim
472 1211 561 1273 duces
576 1210 760 1274 adversariae
782 1209 939 1287 factionis,
958 1207 1063 1289 capitis

143 1311 312 1386 damnatos,
333 1304 428 1390 patria
442 1309 555 1391 pepulit
573 1307 632 1390 (3),
653 1307 685 1370 in
697 1307 743 1369 his
760 1305 940 1370 Phocionem
959 1313 988 1368 et
1005 1303 1063 1367 Ila·

141 1405 489 1472 mettiumPhalercum:
509 1405 604 1487 deque
618 1424 654 1468 ea
669 1424 702 1469 re
720 1406 830 1484 legatos
850 1403 887 1467 ad
904 1401 1062 1484 Polysper⁴

143 1505 283 1568 chortem
302 1503 394 1579 misit,
413 1503 465 1584 qui
480 1502 517 1566 ab
529 1521 564 1565 eo
584 1512 730 1584 peterent,
746 1510 779 1564 ut
790 1521 844 1565 sua
862 1501 981 1564 decreta
993 1516 1064 1561 con·

144 1603 287 1666 firmaret.
307 1599 370 1662 Huc
387 1599 492 1662 eodem
503 1601 650 1681 proiectus
661 1611 709 1662 est
725 1599 868 1662 Phocion.
885 1596 948 1670 Quo
968 1603 1000 1657 ut
1014 1613 1064 1656 re·

142 1699 200 1776 uit,
220 1715 340 1760 causam
358 1696 436 1777 apud
453 1695 623 1777 Philippum
642 1696 690 1777 (l)
708 1715 807 1774 regem
827 1694 929 1771 verbo,
949 1684 1064 1773 reipsa

143 1796 264 1878 quidem
277 1792 356 1876 apud
372 1792 661 1876 Polysperchontem‚
673 1794 771 1855 iussus
790 1800 835 1855 est
853 1793 963 1872 dicere;
980 1812 1065 1857 nam·

142 1912 202 1977 que
220 1892 325 1956 istum
346 1892 423 1972 regis
450 1891 539 1955 rebus
566 1899 712 1971 praeerat.
738 1889 793 1952 llic
811 1908 879 1953 cum
908 1891 945 1953 ab
962 1890 1064 1971 Agno-

145 1991 215 2054 uide
234 1990 281 2072 (5)
299 1997 453 2053 accusatus
468 1995 558 2066 esset,
574 1988 652 2069 quod
665 1985 820 2050 Piraeeum
838 1986 977 2050 Nicanori
991 2006 1064 2068 pro·
1149 1992 1155 2059 ζ

143 2089 278 2165 didisset,
299 2107 335 2150 ex
362 2086 479 2150 consilii
504 2084 651 2148 sententia
667 2084 699 2146 in
716 2084 881 2148 custodiam
900 2085 1063 2167 coniectus,
1153 2109 1155 2113 ¹

146 2186 279 2259 Athenas
296 2185 440 2249 deductus
456 2191 518 2261 est,
544 2191 578 2245 ut
598 2180 641 2245 ibi
663 2181 699 2244 dc
722 2199 756 2244 eo
775 2181 890 2264 legibus
914 2183 998 2247 tieret
1013 2184 1065 2248 iu·
1154 2214 1156 2221 ·

143 2282 269 2346 dicium.
1153 2271 1156 2282 λ

188 2374 238 2442 tv.
257 2374 321 2442 lluo
331 2378 384 2441 ubi
398 2387 568 2460 perventum
585 2385 641 2457 est,
657 2396 724 2443 oum
740 2387 861 2462 propter
874 2387 1001 2443 aetatem
1015 2397 1151 2464 pamma

143 2476 233 2541 dibus
251 2476 311 2540 iam
329 2495 389 2539 non
406 2477 516 2540 valeret
524 2474 746 2560 ,vehiculoque
762 2487 941 2559 portaretur,
965 2478 1065 2558 magni

144 2591 308 2638 concursus
325 2580 395 2636 sunt
415 2573 504 2636 lacti:
526 2592 592 2636 cum
615 2573 688 2652 alii,
712 2573 937 2639 reminiscentes
960 2572 1067 2638 ueteris

146 2672 255 2749 tantae,
274 2671 379 2735 aetatis
398 2669 629 2752 misererentur,
637 2671 758 2784 plurimi
776 2690 843 2735 vero
869 2673 914 2735 ira
937 2689 1067 2735 exacue·

147 2776 249 2832 rentur
266 2778 386 2851 propter
409 2769 586 2851 proditionis
602 2770 800 2852 suspicionem
817 2768 949 2847 Piraeei,
969 2746 1066 2833 maxi-

134 2883 255 2947 meque
280 2866 359 2948 quod
385 2867 523 2930 adversus
550 2866 652 2950 populi
680 2867 868 2929 commoda
860 2886 892 2929 ιιι
913 2876 1067 2933 senectute

180 3063 211 3121 tl)
227 3064 259 3120 lte
275 3065 322 3111 hoc
337 3065 388 3112 vlde
402 3067 504 3115 adnotat.
519 3068 548 3115 ad
563 3068 657 3121 hltltiad.
672 3076 722 3127 cap
737 3079 766 3115 ιι.

150 3128 401 3248 fi'glciflaggltr'opatcr
415 3138 522 3183 mortens
533 3149 610 3184 rarum
624 3148 740 3183 summam
754 3135 886 3196 reliquerat,
900 3137 978 3198 potius
997 3146 1068 3196 quam

179 3264 209 3324 (ὅ)
226 3267 281 3313 Nam
297 3268 390 3314 exilium
406 3270 474 3316 etiam
490 3271 594 3330 capitalis
607 3283 698 3331 poenae
714 3272 809 3319 nomine
822 3273 938 3322 veniebat.

180 3334 211 3388 (lt
227 3335 354 3396 hrldaeum,
367 3337 414 3383 lam
430 3340 591 3384 memoratum

180 3399 209 3459 tlt)
225 3401 350 3462 Propterea
364 3407 447 3452 mimus
461 3405 563 3467 athenis,
580 3407 606 3454 ut
621 3407 762 3467 Phocionem
776 3408 839 3470 apud
853 3411 1071 3500 Potpsperchontem

149 3468 219 3516 ettam
234 3475 381 3520 cremaret..
