2704 4046
679 367 760 437 xiii.

528 595 600 675 DE
652 593 921 676 REGIBUS.

303 921 327 984 Ι.
346 920 384 984 iii
401 920 463 984 lere
479 920 599 984 luemnt
620 917 760 984 Graeciae
775 918 873 998 gentis
890 919 981 982 duces
998 919 1051 1000 qui
1069 939 1188 986 memo·

262 1021 308 1082 ria
322 1018 402 1098 digni
416 1018 604 1094 videbantur,
619 1025 737 1100 praeter
752 1033 848 1094 reges.
866 1014 1002 1100 Namque
1019 1037 1071 1082 eos
1089 1021 1186 1082 attin-

260 1134 330 1194 gere
347 1116 510 1193 noluimus,
529 1115 608 1197 quod
623 1114 757 1176 omnium
771 1131 820 1175 res
829 1121 930 1192 gestae
941 1114 1101 1194 separatim
1111 1129 1186 1179 sunt

261 1213 372 1277 relatae
386 1214 446 1296 (i):
466 1231 564 1294 neque
579 1222 678 1277 tamen
698 1212 729 1274 hi
747 1210 907 1277 admodum
925 1217 995 1273 sant
1008 1213 1106 1275 multi.
1125 1213 1185 1276 La-

261 1309 578 1373 cedaemoniusautem
591 1308 742 1387 Agesilaus
750 1308 884 1385 nomine,
896 1326 956 1370 nou
968 1316 1112 1389 potestate
1119 1311 1182 1393 (2),

260 1407 317 1471 luit
332 1426 407 1485 rex,
425 1408 501 1470 sicut
519 1407 609 1469 ceteri
627 1403 774 1486 Spartani.
794 1403 838 1467 Ex
857 1405 903 1466 his
924 1423 993 1470 uero
1011 1407 1063 1488 qui
1081 1407 1183 1471 domi-

260 1512 363 1567 natum
381 1503 507 1585 imperio
532 1508 706 1576 tenuerunt,
727 1501 966 1563 excellentissimi
989 1499 1131 1584 luerunl,'
1149 1517 1184 1568 ut

260 1619 316 1663 aros
330 1600 508 1675 iudicamus,
524 1597 680 1659 Persarum
699 1596 789 1678 Cyrus
801 1596 847 1677 (3)
858 1606 888 1659 et
898 1599 1016 1675 Darius,
1028 1597 1184 1682 Hystaspis

260 1691 340 1763 iilius
357 1691 418 1772 (i);
437 1709 562 1773 quorum
577 1700 703 1772 uterque
721 1690 852 1770 privatus
869 1691 978 1754 uirtute
996 1709 1120 1770 reguum
1137 1704 1184 1756 est

260 1788 396 1869 adeptus.
417 1787 501 1849 Prior
521 1787 628 1850 horum
654 1786 732 1868 apud
750 1785 927 1867 Massagetas
950 1788 999 1870 (5)
1016 1789 1048 1852 in
1066 1789 1183 1870 proelio

259 1885 376 1962 cecidit.
400 1883 507 1948 Dacius
530 1892 683 1948 senectute
703 1883 781 1947 diem
807 1883 882 1948 obiit
904 1903 1089 1966 supremum.
1109 1885 1184 1950 Tres

260 1993 330 2046 suat
342 1994 494 2066 praeterea
510 1982 643 2044 eiusdem
661 1982 789 2061 generis3
808 1981 917 2046 Xerxes
935 1983 996 2065 (6);
1014 1994 1045 2046 el
1058 1984 1117 2048 clue
1129 1985 1184 2048 Ar·

260 2089 405 2157 taxerxcs,
417 2077 580 2142 Macrochir
591 2079 638 2162 (i)
657 2092 686 2142 et
704 2077 840 2154 Mnemon
855 2079 915 2160 (8).
935 2079 1024 2151 Xerxi
1053 2083 1183 2146 mamme

261 2187 306 2242 est
323 2179 459 2255 illustre,
482 2177 563 2259 quod
587 2176 723 2239 maximis
748 2185 815 2258 post
832 2177 986 2241 hominum
1006 2180 1183 2246 memoriam

261 2273 438 2338 exercitibus
462 2283 538 2338 terra
564 2275 697 2356 marique
721 2274 831 2337 bellum
851 2274 952 2337 intulit
971 2274 1124 2340 Graeciae.
1144 2277 1183 2340 At

291 2473 322 2535 (Ι)
337 2476 440 2534 Namque
451 2475 551 2522 historio
576 2487 664 2534 regum,
684 2477 825 2534 populorum
836 2477 956 2523 historiam
970 2478 1093 2538 eontinet,
1108 2479 1133 2524 et
1147 2476 1179 2522 illi

261 2543 287 2588 ln
302 2554 331 2590 ea
346 2545 471 2603 praecipue
490 2544 603 2596 eminente
628 2543 670 2588 sed
694 2543 916 2602 rerumpublicarum
941 2543 1036 2590 historia
1051 2556 1105 2590 raro
1124 2545 1182 2590 lule·

261 2622 326 2670 pem
340 2611 407 2657 uehis
418 2612 573 2656 narrationem
588 2609 618 2655 (le
633 2610 750 2656 clarorum
765 2613 866 2656 uirorum
879 2611 927 2657 vita
939 2611 1044 2670 praehet,
1059 2623 1119 2670 quae
1131 2622 1184 2671 pro·

262 2680 344 2741 pterea
358 2677 482 2737 separatim
498 2677 533 2722 est
548 2675 664 2734 exigenda.

291 2745 322 2806 (2)
338 2749 447 2792 caumem
462 2745 498 2790 rel
513 2743 600 2790 videsis
615 2746 640 2790 in
655 2743 733 2791 adnot.
749 2743 780 2789 ad
794 2745 877 2802 Agesil.
892 2756 944 2803 cap.
960 2758 977 2792 r.

292 2813 325 2870 th)
340 2813 387 2872 Qui
401 2815 467 2860 isiae
483 2814 603 2871 imperium
617 2824 648 2858 ex
663 2813 733 2858 hienis
744 2813 772 2884 (ιι
789 2812 869 2858 Persas
884 2813 1017 2860 transtulit*

292 2883 326 2938 (ll
342 2881 374 2927 ile
390 2881 435 2926 hoc
450 2879 479 2927 cl.
495 2881 574 2926 adnot.
589 2879 618 2925 ad
634 2880 731 2926 hlillied.
741 2891 791 2938 cap.
807 2881 844 2925 ui.

291 2949 322 3005 (5)
339 2948 453 3008 Populum
470 2947 575 3006 Scythiae
591 2947 707 3004 asiaticm,
719 2946 783 2992 hello
796 2946 827 2992 oh
839 2957 868 2994 eo
883 2947 945 2992 ultro
960 2947 1067 3006 petitum.

292 3017 323 3074 (6)
339 3016 372 3062 De
387 3016 433 3062 hoc
447 3015 476 3062 ei.
492 3017 619 3076 praecipue
633 3014 795 3061 Themistoclis
809 3014 888 3062 vllam.

294 3084 325 3142 (¹1)
340 3085 400 3131 idest
411 3085 568 3140 honglmonus
583 3087 704 3152 ιμακρός,
720 3083 808 3142 iocoue,
824 3083 848 3128 el
858 3091 919 3151 χεῑρ,
931 3095 1021 3143 manue,
1041 3082 1108 3140 quon
1129 3082 1184 3132 alle·

262 3163 312 3198 ram
326 3163 420 3198 manum
436 3153 532 3199 haberet
546 3151 626 3212 paullo
641 3153 780 3209 longiorem.

294 3219 324 3276 (8)
340 3220 378 3265 Sic
392 3221 523 3279 appellatus
541 3218 640 3266 uuerbe
663 3230 748 3276 graeco
769 3219 888 3282 μνάομαι,
906 3221 1027 3280 recordor,
1048 3218 1114 3277 quod
1140 3218 1184 3267 ruit

263 3289 375 3334 memoria
389 3289 490 3334 maxime
516 3289 618 3346 insignio.
640 3291 746 3335 celerum
761 3299 791 3334 en
808 3286 892 3333 horum
908 3299 989 3344 regum
1006 3291 1140 3346 progeniem
1161 3290 1185 3336 et

262 3356 353 3403 seriem:
377 3359 449 3414 cymas
471 3380 480 3390 ·
496 3356 618 3414 cambyses
632 3380 643 3392 ·
659 3356 741 3403 ilarius
755 3355 765 3402 l
779 3356 894 3415 Hystaspis
909 3377 917 3387 ·
932 3357 1035 3403 xerxes!
1059 3379 1067 3390 ·
1084 3359 1185 3402 Artaxer·

267 3433 307 3466 xes
321 3421 330 3466 l
345 3423 521 3478 Looglmanus-
541 3423 624 3468 xerxes
645 3424 663 3470 ri
676 3446 684 3458 -
698 3423 828 3479 Sogdianus
842 3445 852 3456 ·
870 3422 953 3468 Darius
968 3425 985 3470 ti
999 3424 1090 3470 Nolhur
1102 3447 1112 3458 ·
1124 3425 1185 3470 irla-

267 3499 349 3552 xerier
360 3489 378 3534 ri
395 3488 510 3534 hincmar.
