2452 3938
1038 171 1059 235 7

128 282 216 373 quod
246 303 312 353 unc
338 282 503 351 volumine
532 282 613 352 vitas
645 274 873 351 excellentium
905 280 1055 351 virorum

125 388 348 478 complurium
367 388 564 457 concludere
589 387 824 457 constituisset.
845 386 1051 477 Quamquam

125 513 202 563 vero
222 494 257 561 in
276 504 462 581 temporum
483 504 516 562 et
533 493 682 562 locorum
696 492 865 562 notatione
884 491 1052 561 interdum

125 598 289 667 claudicat
307 599 441 682 Noster;
463 599 586 667 nemini
608 610 717 666 tamen
741 597 816 666 iure
846 598 881 665 in
912 597 1051 666 dubium

125 705 232 773 veniet
263 703 352 773 illius
386 705 563 772 auctoritas
589 716 621 773 et
646 704 746 787 fides,
774 723 874 792 quam
901 704 952 772 vel
986 703 1048 792 ipsi

123 820 249 877 veteres
270 808 319 902 (i)
351 809 542 878 laudarunt.
577 810 750 880 Caeterum
790 808 933 879 Cornelii
963 809 1049 880 ritae

123 914 479 1001 praestantissimorum
499 919 644 984 virorum
665 915 825 1003 imagines
843 915 939 984 nobis
956 917 1048 985 erhi-

123 1017 201 1087 hent
217 1020 373 1108 graphice
390 1021 552 1109 depictas,
575 1033 674 1110 atque
698 1019 831 1118 egregia
848 1022 888 1089 ad
914 1021 1047 1092 imitan-

122 1124 199 1191 dum
221 1127 380 1214 exempla.
403 1126 439 1193 ln
463 1127 514 1194 hir
540 1138 650 1195 aurem
681 1126 779 1196 dictio
806 1129 938 1216 elegans
969 1140 1042 1214 est,

123 1229 243 1313 facilis,
265 1230 380 1318 plana,
402 1233 592 1320 perspicua,
615 1244 648 1301 et
666 1233 773 1301 nativa
799 1235 941 1322 quadam
964 1234 1045 1302 sim-

121 1335 266 1424 pliciiate
292 1348 407 1424 sponte
431 1337 553 1421 fluens,
577 1339 664 1409 unde
698 1338 823 1407 tirones
850 1359 1042 1426 germanam
1096 1398 1099 1404 .

121 1463 203 1529 pure
222 1442 378 1532 loquendi
398 1444 670 1514 consuetudinem
685 1443 841 1514 haurient
856 1441 922 1535 (ἢ).

149 1650 180 1708 (Ι)
192 1652 261 1697 (inan.
278 1651 304 1696 N.
320 1650 559 1712 A.1r‚28.-P0ur.
574 1651 646 1712 Mur,
661 1652 694 1699 De
709 1653 755 1698 situ
771 1651 843 1712 orbis,
861 1653 902 1713 ui,
917 1654 940 1700 5.

150 1719 181 1775 [ἳὶ
197 1719 271 1764 Omns
283 1718 401 1778 Bormam,
417 1718 541 1777 conspuet.
555 1720 617 1764 auct.
631 1719 687 1774 ling.
709 1720 785 1765 lau.-
795 1725 972 1781 waramum,
983 1721 1044 1771 ΒΙΝ.

121 1786 211 1846 critic.¹
223 1785 248 1832 Ρ.
263 1785 307 1842 ml,
323 1796 376 1845 pag.
393 1785 445 1832 iia.
