2452 3938
197 268 264 349 ill
289 255 290 258 ¹
571 283 609 327 nu
631 281 762 333 uncinus,

200 377 330 459 denique
348 373 485 458 cupidus,
514 374 571 436 nisi
597 374 972 458 singularisperpetuique
990 375 1135 458 imperiii

200 473 239 536 oh
258 491 384 554 eamque
398 489 461 534 rem
474 470 614 533 crudelis.
634 469 721 548 Nam,
739 471 809 534 dum
824 471 854 533 id
871 472 986 535 studuit
996 474 1128 549 munire,

200 570 312 633 nullius
330 568 464 650 pepercit
481 568 570 645 ritae,
591 586 680 649 quem
695 566 761 630 eius
775 567 981 631 insidiatorem
996 578 1126 652 putaret.

101 723 103 729 ,
198 664 253 728 Hic
268 684 336 729 cum
354 666 461 726 virtute
480 665 665 746 tyrannidem
680 662 738 726 sibi
756 665 932 746 peperisset,
952 683 1060 744 magna
1076 684 1130 729 rc·

198 763 287 824 tinuit
312 761 471 838 iclicitate3
493 763 654 842 maiorque.
669 778 764 823 anuos
781 761 931 840 sexaginta
953 770 1053 840 natus,
1073 763 1130 826 dc·
1197 794 1201 799 ·

196 859 287 922 cessit
313 860 438 920 florente
467 875 571 938 regno.
599 855 717 939 Neque,
747 857 779 919 in
806 866 866 920 tam
892 859 992 921 multis
1017 861 1124 939 annis,

196 958 372 1037 cuiusquam
393 974 428 1016 ex
453 974 507 1017 sna
529 955 621 1037 stirpe
640 955 730 1016 funus
759 955 853 1032 vidit,
881 972 949 1017 cum
974 975 1009 1018 ex
1031 955 1128 1019 tribus

196 1050 338 1113 uxoribus
357 1051 466 1113 liberos
492 1053 696 1133 procreasset,
726 1051 872 1132 multique
895 1051 923 1114 ei
947 1054 1009 1115 nati
1028 1063 1129 1116 essent

199 1157 324 1228 nepotes
343 1148 402 1229 (l).

238 1241 289 1306 ΙΙΙ.
306 1245 440 1308 Fuerunt
455 1253 608 1326 praeterea
626 1243 726 1323 magni
738 1261 822 1322 reges
834 1262 870 1306 cx
881 1243 986 1307 amicis
1000 1244 1127 1308 Alexan·

194 1340 242 1401 dri
264 1338 373 1420 Nagni3
393 1342 445 1422 qui
463 1351 529 1424 post
548 1341 662 1403 obitum
682 1341 747 1403 eius
765 1341 891 1422 imperia
913 1350 1069 1423 ceperunt.
1093 1341 1127 1405 ln

196 1437 243 1506 his
252 1437 418 1515 Antigonus
432 1446 461 1498 et
476 1437 564 1499 huius
576 1437 654 1498 lilius
666 1435 833 1499 Demetrius
844 1437 904 1517 (i),
917 1435 1124 1518 Lysimachus,

195 1531 351 1610 Seleucus,
369 1532 570 1595 Ptolemaeus,
591 1533 633 1594 Nx
660 1532 707 1593 his
729 1532 905 1610 Antigonus,
930 1551 996 1596 cum
1017 1533 1126 1597 adver·

195 1648 246 1692 sus
261 1627 418 1691 Seleucum
434 1627 701 1710 Lysimachumque
719 1628 875 1691 dimicaret
887 1628 947 1710 (3),
963 1629 994 1690 in
1010 1630 1125 1710 proelio

196 1726 311 1788 occisus
336 1735 391 1788 est.
413 1724 482 1788 Pari
497 1726 555 1788 leto
576 1726 697 1787 affectus
721 1735 765 1788 est
781 1724 975 1807 Lysimachus
989 1745 1006 1787 a
1018 1724 1125 1790 Seleu·

195 1822 297 1905 co(l);
315 1841 397 1900 nam,
413 1823 554 1886 societate
571 1823 725 1898 dissoluta,
746 1821 856 1885 bellum
876 1822 954 1884 inter
971 1841 1003 1884 se
1020 1841 1126 1900 gesse-

195 1931 277 1984 runt.
286 1921 323 1983 At
334 1920 514 1998 Demetrius,
525 1939 592 1982 cum
601 1921 690 1983 liliam
700 1908 784 1984 suam
795 1917 958 1983 Seleucoiu
972 1920 1126 1984 matrimo-

196 2021 278 2083 nium
291 2019 433 2096 dedisset,
453 2037 550 2098 neque
570 2037 605 2080 eo
634 2018 725 2095 magis
746 2017 805 2079 fida
823 2016 901 2078 inter
921 2033 972 2078 eos
992 2017 1126 2080 amicitia

196 2135 317 2179 manere
333 2117 490 2198 potuisset,
507 2123 609 2197 eaptus
624 2112 714 2191 bello,
728 2113 759 2174 in
773 2112 907 2176 custodie
918 2131 1003 2176 socer
1019 2115 1126 2192 generi

199 2214 288 2294 periit
307 2213 423 2276 morbo.
439 2211 541 2293 Neque
557 2212 600 2273 ita
618 2211 711 2273 multo
734 2218 800 2291 post
826 2207 968 2297 Seleucus
987 2228 1004 2272 a
1021 2207 1124 2273 Ptole-

199 2328 284 2373 maeo
303 2309 437 2374 Cerauno
457 2309 504 2391 (5)
523 2309 590 2371 dolo
605 2307 778 2370 interiectus
794 2315 849 2385 est;
870 2324 959 2388 quem
974 2306 1026 2373 ille
1044 2326 1125 2388 apa·

196 2417 243 2469 tre
260 2409 413 2489 expulsum
432 2403 609 2477 Alexandria
625 2405 684 2486 (6),
700 2404 864 2466 alienarum
882 2422 972 2484 opum
988 2404 1126 2483 indigen·

197 2513 269 2581 tem,
288 2511 456 2584 receperat:
476 2502 540 2584 ipse
562 2509 661 2562 autem
679 2499 879 2576 Ptolemaeus,
898 2517 966 2561 cum
985 2500 1069 2562 rivus
1084 2502 1123 2563 fi-

227 2675 258 2736 lil
275 2676 323 2724 tioc
344 2674 466 2721 cornelius
482 2672 543 2717 inter
558 2673 637 2718 cetera
652 2673 726 2730 notet3
750 2683 804 2716 nam
819 2671 935 2729 Romanis,
949 2671 996 2717 suis
1007 2673 1065 2718 natu
1080 2674 1125 2719 ml·

196 2745 292 2792 nuribus
305 2755 432 2802 superesse,
458 2752 506 2786 nou
521 2741 656 2786 luctuosum
679 2739 811 2799 modoysed
826 2741 850 2784 et
864 2739 1049 2797 superstitiosum
1063 2742 1123 2786 erut.

196 2814 268 2860 lmmo
282 2825 296 2858 a
311 2811 381 2856 verbo
395 2819 518 2867 superesse,
532 2810 664 2864 superstitio
679 2806 775 2852 fortasse
788 2809 823 2852 est
837 2807 960 2865 appellata.

225 2882 256 2938 (25
272 2880 411 2928 Poliorcetes
432 2877 572 2934 cognomine
592 2887 606 2920 u
627 2874 700 2920 verbo
721 2871 863 2942 πολιορκεῖν,
883 2873 950 2918 urbes
972 2884 1122 2931 approperare:

197 2948 236 2995 hic
251 2960 305 2994 cum
321 2945 450 2992 Cassandro
462 2945 490 2990 dc
506 2942 640 2990 macedonia
652 2943 675 2987 ei
687 2942 783 2988 Graecia
797 2941 926 2988 contendit.

227 3017 257 3074 (ὅ)
274 3017 306 3061 De
322 3015 388 3061 isiae
402 3013 507 3071 imperio.

226 3083 256 3138 ti)
274 3083 415 3140 cognomine
430 3081 548 3126 Nicatore
563 3080 647 3138 νικάω,
665 3079 745 3121 uinco.-
760 3074 798 3120 hic
818 3075 958 3134 Babyloniae
977 3085 1050 3132 regno
1064 3076 1124 3135 pott-

195 3151 242 3209 lus,
254 3149 428 3196 Seleucidarum
443 3148 525 3193 seriem
538 3157 582 3190 suo
598 3145 691 3190 nomine
703 3142 834 3201 appellante
972 3148 994 3194 ς

227 3217 260 3274 (5)
270 3218 324 3274 Lagi
340 3216 402 3262 iilius
423 3213 476 3273 luit,
491 3212 555 3259 uude
571 3213 642 3258 etiem
658 3211 808 3268 insequentes
824 3210 917 3269 Aegypti
933 3219 999 3266 reges
1020 3208 1122 3266 Lagidco

193 3286 249 3332 suut
264 3286 382 3344 appellati.
396 3287 516 3330 Ceraunus
537 3283 614 3326 autem
633 3293 648 3325 n
664 3283 788 3348 sepositis,
805 3279 906 3337 fulmen,
926 3281 961 3323 cst
982 3275 1123 3337 appellatus,

193 3351 261 3410 quod
276 3354 344 3409 quusi
354 3350 442 3396 tulmen
459 3352 519 3396 esset
534 3349 558 3393 in
574 3346 644 3393 helio.

226 3419 257 3478 (o)
271 3420 344 3478 Quam
368 3417 449 3464 urbem
471 3416 566 3475 Aegypti
581 3415 654 3473 caput
678 3413 808 3461 Alexander
831 3411 861 3458 ed
876 3410 924 3458 Nili
938 3409 1024 3456 ostium
1039 3408 1124 3456 condi·

196 3487 262 3533 dorm
275 3498 365 3545 suoque
381 3486 475 3532 nomine
490 3484 650 3544 appellaverat.
