2452 3938
506 267 678 324 accumbas
1014 252 1056 317 59

124 361 269 434 sandrum
290 358 320 421 ia
339 355 439 427 Asiam
466 359 632 436 miseruut,
660 357 712 440 qui
730 376 800 429 aum
828 359 985 423 certiorem
1003 360 1052 423 fa-

125 467 252 543 cerent,
273 455 331 518 uisi
352 455 537 534 Alcibiadem
566 455 753 532 sustulisset,
776 455 852 519 nihil
874 475 977 521 earum
1001 475 1052 521 re-

125 574 193 619 rum
208 555 272 635 ipre
286 563 397 630 ratum,
411 571 484 635 quas
500 553 564 634 ipse
578 553 700 628 Albanis
715 553 926 623 constituisset.
940 552 1052 630 Quare,

125 654 152 719 si
169 671 240 715 suas
257 670 305 713 res
321 659 420 729 gestas
442 669 562 725 cnauere
581 651 684 727 vellet,
703 650 789 718 illum
811 658 1052 731 persequeretur.

125 749 177 813 His
189 748 288 821 Lacon
304 747 393 817 rebus
410 757 578 819 commotus
594 749 697 810 statuit
714 748 882 819 accuratius
893 749 951 810 sihi
962 769 1053 828 agen-

126 845 198 917 dum
217 863 285 929 cum
302 843 508 907 Pharnabazo.
527 843 602 907 Huic
619 862 689 922 ergo
707 846 871 920 renuntiat,
895 865 972 926 quae
989 848 1055 926 regi

125 961 193 1020 cum
212 941 457 1005 Lacedaemoniis
483 950 582 1003 essent
600 941 684 1003 irrita
708 942 819 1017 futura,
842 942 900 1004 uisi
917 942 1053 1006 Alcibia-

126 1041 193 1109 dem
212 1040 309 1101 viuum
327 1047 379 1107 aut
396 1046 547 1107 mortuum
567 1038 747 1115 tradidisset.
763 1038 827 1101 Non
847 1039 913 1103 tulit
931 1039 988 1102 hoc
1000 1059 1051 1102 sa-

127 1147 238 1218 trapes,
256 1145 287 1197 et
303 1136 413 1207 violare
431 1135 632 1212 clementiam,
652 1154 741 1216 quam
755 1135 837 1214 ragis
852 1154 924 1215 opes
942 1136 1051 1212 minui,

128 1233 242 1295 maluit.
266 1231 370 1313 Itaque
389 1232 470 1295 misit
492 1229 694 1312 Spsamithreu
716 1241 746 1294 et
762 1231 890 1310 Bagoam
911 1232 949 1294 ad
968 1233 1051 1295 Alci-

126 1329 244 1407 biadem
262 1328 514 1404 interficiendum,
538 1347 605 1390 cum
623 1329 674 1393 ille
687 1329 809 1392 oscetin
826 1327 963 1409 Phrygia,
976 1330 1051 1393 iter-

126 1445 186 1509 que
206 1427 245 1489 ad
272 1445 371 1504 regem
398 1435 594 1507 compacaret.
618 1424 715 1502 blissi,
740 1426 817 1489 clam
841 1425 998 1503 vicinitati,
1017 1427 1052 1488 iu

128 1545 185 1606 qua
206 1532 271 1589 tum
286 1523 456 1598 Alcibiades
474 1530 555 1600 aral,
575 1523 834 1601 daut-negotium,
858 1533 891 1586 ut
907 1542 976 1585 eum
999 1523 1051 1586 iu-

129 1621 285 1690 terficiant.
309 1619 366 1696 Illi,
387 1638 456 1693 cum
480 1637 555 1695 eum.
569 1621 649 1685 ferro
675 1620 796 1698 aggredi
813 1639 873 1682 non
892 1621 1049 1698 auderent,

98 1734 102 1745 ’
128 1727 217 1793 pactu
234 1719 315 1797 ligna
332 1720 522 1793 contulerunt
542 1720 622 1781 circa
641 1737 742 1789 casam
759 1717 872 1781 camin
888 1737 947 1799 qua
966 1718 1051 1798 quie·

128 1815 246 1892 scebat,
268 1833 396 1896 eamque
410 1816 639 1891 succenderunt,
656 1825 688 1885 ut
701 1815 840 1884 incendio
857 1805 1049 1891 conticerent,

126 1918 216 1994 quem
240 1931 331 1983 manu
348 1913 483 1994 superari
503 1931 590 1993 posse
607 1912 791 1984 diffidebant.
811 1911 864 1981 Ille
885 1921 999 1990 autent,
1018 1923 1051 1978 ut

100 2011 103 2016 ’
125 2011 225 2091 sonitu
242 2011 382 2086 dammae
397 2019 441 2077 est
460 2010 615 2085 excitatus,
635 2010 714 2090 quod
729 2009 844 2088 gladius
862 2009 890 2071 ei
904 2018 967 2072 erat
980 2010 1051 2077 sub·

126 2107 244 2184 ductus,
263 2107 420 2171 familiaris
437 2108 484 2173 sui
501 2107 638 2180 subalare
653 2107 699 2188 (t)
712 2109 804 2175 telum
822 2109 943 2188 eripuit.
962 2106 1051 2171 Nam·

125 2223 184 2295 qap
201 2213 267 2281 erat
285 2223 352 2279 cura
370 2223 406 2283 ep
428 2204 548 2286 quidam
574 2222 610 2266 ex
633 2204 759 2277 Arcadia
781 2205 828 2285 (A)
850 2205 978 2285 hospes,
998 2206 1050 2287 qui

126 2321 284 2383 nunquam
299 2302 451 2378 discedere
469 2301 614 2365 voluerat.
633 2300 717 2365 Hunc
739 2303 824 2384 sequi
843 2321 875 2365 se
899 2301 996 2380 iubet,
1020 2313 1051 2368 ct

127 2398 171 2474 id,
191 2399 271 2480 quod
291 2399 322 2460 in
346 2399 518 2479 praeseutia
539 2397 781 2462 vestimentorum
805 2399 882 2476 tuit,
909 2400 1047 2482 arripuit.

126 2492 178 2556 His
196 2497 228 2557 in
247 2496 346 2573 ignem
371 2497 492 2573 eiectis,
510 2498 648 2560 flammae
666 2496 724 2559 vim
749 2497 876 2567 transiit.
905 2495 999 2568 Quem
1017 2507 1050 2561 ut

124 2588 244 2653 barbari
263 2591 434 2653 incendium
447 2595 585 2672 effugisse
596 2594 713 2655 eminus
732 2593 882 2671 viderunt,
900 2595 966 2657 telis
979 2587 1066 2657 ιῐιίε·ἑ

124 2686 165 2749 sis
179 2687 405 2766 interfecerunt,
426 2700 575 2772 caputque
592 2691 657 2754 eius
675 2691 712 2753 ad
730 2690 954 2754 Pharnabazum
969 2701 1050 2754 retu·

122 2785 231 2847 lerunt.
252 2785 289 2846 At
309 2786 426 2863 mulier,
446 2806 609 2875 quaecum
628 2807 663 2851 eo
680 2789 776 2852 virere
794 2799 965 2870 consuerat,
978 2807 1047 2851 mu-

122 2881 208 2944 liebri
224 2901 279 2945 sua
297 2892 378 2946 veste
395 2893 576 2964 contortius,
592 2885 720 2949 aedificii
738 2885 876 2948 incendio
896 2893 1047 2948 mortuum

121 2979 277 3056 cremavit,
295 2982 375 3062 quod
394 2972 548 3045 ad‘vivum
561 2983 792 3046 interimendum
811 2992 876 3044 erat
894 2999 1047 3048 compara·

122 3087 196 3141 tunt.
215 3073 265 3139 Sic
281 3078 461 3156 Alcibiades,
481 3100 576 3143 anuos
594 3081 713 3145 circiter
730 3081 926 3163 quadraginta
943 3090 1051 3163 uatus,

123 3172 202 3236 diem
222 3173 296 3237 obiit
317 3194 503 3258 supremum.
594 3228 596 3234 .

153 3411 185 3474 (tl
201 3414 270 3473 Quod
284 3415 330 3463 sub
346 3416 388 3464 alls
402 3419 474 3467 condi
489 3423 576 3481 posset

152 3481 184 3542 (2)
200 3482 278 3530 bledla
290 3484 445 3547 Peloponnesi
459 3492 562 3550 regione.
