2452 3938
614 394 668 465 vi.

504 604 782 687 LYSANDER.

218 920 243 984 1.
259 919 423 1003 Lysander,
442 917 695 992 lacedaemonius,
710 935 845 996 magnam
858 915 980 998 reliquit
995 913 1041 978 sui
1057 914 1105 996 ia·

180 1038 271 1097 mam,
289 1010 384 1096 magis
401 1015 552 1092 felicitate,
573 1032 662 1095 quam
675 1013 782 1076 virtute
801 1021 928 1095 partam,
944 1011 1106 1075 Athenien·

180 1133 225 1177 ses
242 1114 338 1191 enim,
351 1113 382 1174 io
400 1112 633 1192 Peloponnesios
652 1118 774 1172 sextoet
790 1108 931 1170 vicesimo
950 1126 1028 1169 anno
1043 1108 1106 1170 hel·

181 1211 240 1274 lum
259 1218 411 1290 gerentes,
434 1209 596 1270 confecisse
612 1215 745 1287 apparet.
765 1205 797 1281 ld
816 1225 876 1286 qua
899 1203 1014 1266 ratione
1031 1222 1105 1265 cun-

181 1286 300 1370 secutus
318 1305 368 1383 sit,
390 1307 471 1367 latet.
491 1302 553 1365 Non
574 1304 653 1365 enim
673 1304 779 1364 virtute
804 1301 852 1364 sui
876 1300 1034 1377 exercitus,
1053 1285 1186 1380 sedffig

180 1401 367 1467 immodestia
384 1402 494 1463 iactum
519 1409 564 1462 est
589 1399 824 1461 adversariorum
849 1398 917 1479 (i);
938 1395 1006 1478 qui,
1027 1394 1106 1476 quod

181 1498 257 1564 dicto
268 1497 423 1562 audientes
440 1496 671 1579 imperatoribus
688 1497 751 1558 suis
768 1514 826 1557 non
850 1503 948 1571 erant,
969 1492 1108 1574 dispalati

180 1595 314 1676 mageis,
327 1594 440 1657 relictis
454 1593 592 1670 navibus,
611 1593 641 1655 in
658 1593 787 1654 hostium
806 1600 953 1655 venerunt
972 1598 1106 1673 potesta·

181 1701 251 1754 tem.
271 1689 336 1763 Quo
351 1690 441 1768 sacto,
459 1689 655 1752 Athenienses
671 1708 702 1750 se
717 1688 962 1752 Lacedaemoniis
982 1687 1107 1750 dedide-

179 1796 258 1851 runt.
278 1787 341 1850 Hac
355 1787 477 1850 victoria
493 1785 643 1867 Lysander
661 1787 769 1863 elatus,
786 1805 853 1847 cunr
879 1794 967 1847 antea
989 1802 1108 1866 semper

182 1885 323 1948 factiosus
343 1885 497 1965 audaxque
511 1883 627 1960 luisset,
643 1884 686 1945 sic
704 1882 761 1944 sihi
779 1881 916 1959 indulsit,
936 1890 969 1943 ut
986 1881 1051 1943 eius
1069 1901 1107 1944 o·

181 2000 249 2062 pera
267 1981 299 2043 iu
315 1981 476 2043 maximum
492 1980 591 2042 odium
607 1978 748 2042 Graeciae
762 1976 991 2041 Lacedaemonii
1005 1990 1109 2060 perve-

181 2077 345 2160 neriutffl).
363 2077 436 2139 Nam
460 2095 526 2138 cum
547 2076 623 2137 hanc
641 2094 760 2138 causam
776 2073 1005 2137 Lacedaemonii
1022 2073 1108 2137 dicti·

181 2182 291 2237 tassent
315 2173 373 2236 sihi
395 2192 459 2235 esse
490 2173 573 2248 belli,
603 2180 634 2233 ut
659 2171 885 2235 Atheniensium
911 2172 1106 2252 impotentem

183 2269 416 2333 dominationem
432 2270 645 2349 refringerent;
667 2279 821 2351 postquam
840 2269 919 2350 apud
940 2267 1036 2348 Aegos
1051 2269 1109 2331 llu-

183 2385 248 2430 men
258 2366 308 2448 (3)
319 2364 469 2447 Lysander
484 2365 586 2428 classis
599 2364 726 2428 hostium
743 2374 788 2428 est
799 2366 922 2448 potitus,
937 2364 1012 2428 nihil
1026 2364 1107 2429 aliud

183 2464 304 2527 molitus
317 2473 374 2541 est,
384 2454 472 2544 quam
483 2470 517 2524 ut
527 2481 630 2525 omnes
641 2463 773 2526 civitates
784 2463 815 2525 in
828 2482 884 2526 sua
898 2470 1013 2526 teneret
1024 2471 1107 2546 pote·

182 2568 268 2638 state,
279 2579 351 2646 pum
364 2560 395 2621 id
413 2579 445 2622 se
454 2559 754 2624 Lacedaemoniorum
769 2579 858 2623 causa
872 2561 969 2623 iacere
984 2560 1107 2625 simule·

209 2757 240 2819 (i)
254 2759 438 2819 Atheniensium,
454 2762 494 2819 qui
508 2771 582 2819 ouum
597 2760 693 2807 classem
708 2760 738 2824 ed
757 2761 838 2821 deges,
853 2761 992 2808 Chersonesi
1006 2761 1109 2820 flumen,

182 2825 303 2888 haberent,
318 2828 453 2885 quindecim
468 2841 481 2873 a
497 2830 621 2888 Lampsaco
633 2826 714 2874 studiis
729 2822 863 2879 distantem.
874 2841 945 2887 quam
960 2829 1040 2888 paullo
1051 2831 1106 2877 onte

182 2893 294 2951 Lysander
303 2896 463 2954 occupaverat,
476 2896 547 2941 nimie
561 2897 721 2942 securitatem
738 2897 822 2942 terrem
840 2896 933 2956 egressi,
949 2896 1052 2942 desertus
1065 2907 1106 2941 ne·

182 2969 220 3006 ree
235 2960 407 3018 victoriamque
422 2962 485 3008 uitro
500 2963 690 3009 Lacedaemoniis
706 2963 821 3009 obtulere.
840 2962 930 3009 videsis
948 2975 998 3009 rem
1013 2975 1106 3011 omnem

182 3027 205 3073 tn
219 3028 345 3075 Alcibiadis
355 3030 407 3089 site,
420 3041 470 3088 esp.
480 3031 521 3077 rrl.

209 3094 239 3153 (2)
256 3096 286 3141 lo
306 3098 439 3140 maoetmem
460 3096 538 3140 odium
558 3097 665 3142 Graeciae
678 3097 854 3144 Lacedaemonii
872 3099 1029 3156 pervenerint.
1044 3099 1107 3146 hiera

184 3170 264 3217 praece
281 3161 395 3220 loquendi
409 3163 486 3223 ratio,
501 3175 643 3222 quamquem
659 3165 724 3211 haud
734 3166 769 3211 iis
779 3165 866 3211 latinae
878 3165 971 3222 linguae
982 3168 1106 3224 repugnat.

212 3227 245 3287 (ll)
260 3230 329 3288 Quod
341 3222 521 3289 ”conspectantes
535 3234 605 3278 eiiam
626 3233 721 3289 integro
743 3233 861 3280 vocabulo
875 3245 961 3291 graeco
975 3234 1108 3294 appellatur

186 3293 213 3339 eb
226 3295 264 3356 αἲξ
280 3298 355 3360 alpis,
366 3310 447 3359 cupro,
455 3299 479 3345 et
487 3303 602 3363 πόταμος,
614 3298 763 3357 {domenesed
774 3301 822 3347 illic
834 3302 857 3348 et
867 3301 923 3348 urhe
933 3300 983 3360 luit,
994 3301 1107 3360 quaehoe

187 3373 213 3409 er
226 3376 256 3411 eo
271 3376 358 3412 nonen
373 3367 475 3427 aceepit¹
490 3366 554 3428 quod
564 3367 616 3416 eius
624 3367 756 3416 conditores
770 3379 857 3429 ceptae
867 3367 941 3415 ductu
953 3367 983 3415 ad
996 3367 1053 3414 iliud
1065 3367 1109 3414 du·

187 3438 237 3477 men
248 3431 406 3479 consederint.
