2452 3938
546 255 641 302 conon
751 274 753 278 v
1014 232 1056 298 or·

123 349 179 435 qui
204 347 370 414 seeundum
394 346 519 427 gradum
544 346 664 429 imperii
688 345 832 422 tenebat,
852 343 1052 407 Tithrausten

123 445 262 522 accessit,
281 462 374 526 seque
391 443 521 507 ostendit
536 461 602 506 oum
619 461 688 522 rege
707 440 838 523 colloqui
853 442 939 504 velle.
959 440 1052 503 Nemo

123 543 206 608 enim
217 543 284 605 sine
295 538 351 604 lior
364 539 543 604 admittitur.
561 538 636 602 Huic
655 539 829 616 ille,‚aollo,
846 537 955 619 iuquit,
968 553 1053 599 more

104 649 180 704 est:
196 641 248 703 sed
264 647 298 702 tu
322 639 462 713 delibero,
485 645 590 700 atrum
619 636 743 715 colloqui
759 635 859 708 mulis,
878 651 918 696 oo
929 651 984 713 per
1000 633 1052 695 iit-

123 746 204 802 leros
220 736 305 799 edere
322 752 395 814 quoe
413 734 532 814 sopitos.
567 734 686 797 Necesse
703 742 744 795 ost
772 731 870 807 raim,
893 732 920 793 si
934 733 968 793 iro
979 747 1053 793 eoo·

120 842 252 916 spretum
268 832 397 908 roomo,
414 831 554 894 venerari
566 830 613 910 (l)
629 837 656 893 te
672 847 770 909 repere
788 827 880 909 (quod
900 829 1053 909 opinareris

104 934 168 999 illi
182 934 313 1014 vocant).
334 933 396 996 Hor
411 933 439 996 si
461 933 512 996 tili
525 949 615 1011 prove
631 940 684 1008 est,
700 949 756 1012 per
773 948 819 993 ure
839 928 1051 1003 nihilosecius,

121 1033 210 1097 editis
238 1031 410 1106 mordetis,
440 1031 574 1111 ooofiar’es
600 1030 677 1107 quod
701 1028 810 1091 stodes.
832 1027 906 1088 Tum
930 1025 1049 1088 Conon:

123 1131 288 1203 eaimoero,
307 1126 418 1207 inquit,
441 1143 503 1188 aare
521 1132 562 1188 est
578 1141 670 1206 praue
688 1124 817 1203 quemuis
836 1124 979 1185 dooerem
996 1122 1053 1185 iru-

127 1227 194 1297 iere
209 1225 289 1305 repa)
302 1225 353 1286 sed
369 1222 541 1302 oereorti),
558 1222 724 1284 aecipitoli
740 1237 821 1284 meae
833 1222 871 1282 sit
884 1220 1051 1297 opprobrio,
1119 1267 1122 1275 .

121 1323 303 1399 adsumere
319 1337 354 1383 eo
369 1320 427 1382 sim
436 1320 599 1400 profertur,
618 1337 693 1399 poor
715 1318 817 1401 ceteris
839 1317 975 1398 protilos
993 1316 1052 1377 irrr-

117 1436 230 1500 perere
247 1417 443 1493 consueverit,
454 1417 759 1496 potissimdurorum
777 1414 962 1495 promititur
971 1430 1054 1475 more
1078 1444 1079 1447 π

120 1517 250 1598 [anper.
271 1513 374 1595 Itaque
393 1512 474 1589 huie,
495 1532 572 1595 qnae
591 1511 718 1590 solebat,
738 1513 849 1592 scripta
866 1509 1000 1573 tradidit.

164 1610 215 1674 lV.
235 1609 349 1682 Quibus
369 1610 508 1688 cognitis,
527 1628 580 1672 rex
598 1618 711 1685 tautum
728 1609 904 1671 auctoritaie
916 1609 981 1670 eius
992 1627 1054 1671 mo·

125 1718 174 1773 lus
192 1718 249 1786 est,
266 1717 300 1771 ut
317 1718 348 1770 et
367 1707 595 1790 Tissaphernem
614 1707 729 1770 hostem
747 1706 933 1783 iudicaverit,
950 1715 980 1771 et
993 1704 1052 1769 La-

123 1806 334 1870 cedaemonios
358 1805 436 1867 bello
454 1804 592 1886 persequi
611 1804 753 1882 iusserit,
774 1813 804 1867 et
827 1803 855 1867 ei
884 1803 1053 1885 permiserit

123 1922 212 1986 quem
231 1903 319 1966 uellet
337 1901 446 1980 eligere
460 1900 497 1962 ad
512 1901 741 1983 dispensandam
765 1899 923 1980 pecuniam
942 1899 1003 1981 (3).
1019 1898 1051 1960 lu

114 1998 280 2063 ¹arbitrium
309 1997 411 2062 Conon
441 1999 559 2077 negavit
579 1998 626 2061 sui
645 2017 710 2061 esse
728 1997 858 2074 consilii,
881 1996 933 2059 sed
958 1995 1053 2076 ipsius

123 2099 175 2180 qui
191 2097 305 2180 optime
322 2114 393 2159 suos
411 2115 500 2159 nosse
517 2096 651 2174 deberet3
666 2096 717 2158 sed
736 2114 769 2157 se
797 2094 935 2170 suadere,
953 2094 1050 2158 Phar·

122 2193 237 2258 nabazo
255 2193 285 2256 id
305 2193 416 2272 negotii
437 2194 531 2256 daret.
551 2193 646 2270 Hine,
667 2193 782 2271 magnis
804 2191 979 2254 muneribus
995 2194 1052 2255 do-

122 2301 225 2370 natus,
234 2291 272 2354 ad
283 2309 365 2354 mare
378 2299 422 2353 est
434 2291 555 2369 missus,
569 2289 724 2372 uthpriis
736 2289 974 2358 etuhoenicibus
988 2291 1002 2371 i
1023 2291 1050 2373 l,

122 2389 292 2470 ceterisque
311 2387 479 2451 civitatibus
491 2388 648 2451 maritimis
663 2407 752 2452 naves
767 2389 867 2468 longas
877 2389 1050 2472 imperaret,

123 2487 322 2567 classemque,
343 2504 414 2566 qua,
438 2486 572 2567 proxima
592 2496 715 2566 aestate,
736 2505 819 2572 mare
838 2489 916 2550 tuo'ri
935 2496 1051 2571 posset,

123 2644 222 2735 electisp
238 2669 303 2728 quod
318 2683 374 2717 vero
385 2653 431 2719 hoe
445 2683 539 2733 munus,
555 2673 601 2720 nlsl
616 2685 718 2720 summae
734 2674 791 2721 fidel
802 2675 857 2721 virls
868 2687 918 2721 non
931 2675 1051 2724 eonlerre·

125 2738 172 2799 tur,
187 2735 275 2783 lactum
283 2738 310 2783 ut
320 2737 467 2786 chiliarchus
476 2740 640 2800 appellaretur,
655 2743 697 2798 qul
709 2743 797 2799 primus
807 2741 918 2798 dignitate
928 2755 1008 2800 aroge
1019 2746 1050 2790 to·

123 2806 205 2917 emt}
212 2805 247 2918 qq
254 2804 319 2864 apud
330 2817 442 2854 romanos
456 2809 570 2866 sequioris
582 2809 663 2854 aetatis
676 2809 825 2867 imperatores
838 2807 970 2867 pmoteotm
984 2822 1051 2869 prae·

205 2885 220 2917 u

156 2937 187 2997 (l)
203 2938 338 2999 supplicato
352 2953 435 3001 nempe
450 2954 513 3000 genu
529 2943 552 2989 el
567 2941 644 2988 ironia
665 2940 696 2987 ad
718 2943 802 2988 terram
818 2942 932 3002 demissa,
954 2944 1051 2990 uidens

126 3009 233 3053 venerari
244 3018 296 3054 uros
311 3011 378 3054 esset.
687 3023 692 3033 ’
934 3033 938 3040 ·

156 3073 187 3130 (2)
202 3075 281 3131 Neque
298 3076 384 3122 temere
395 3076 533 3135 verebatur,
549 3077 700 3123 Athenienses
715 3076 778 3122 enlm
800 3076 946 3134 Timagoran]
969 3089 1051 3135 quem·

125 3139 182 3187 dam
204 3141 287 3200 eapitis
312 3142 486 3204 demeruerant,
507 3144 587 3204 quod,
602 3146 634 3191 lta
652 3144 721 3190 llario
735 3156 789 3201 rege
804 3144 924 3190 Persarum
937 3144 1051 3207 salutato,
1146 3159 1149 3165 ⁴

127 3209 364 3332 partgejdignitatem
379 3211 411 3257 ab
424 3223 453 3258 eo
468 3213 603 3271 corruptam
613 3211 683 3259 luisse
696 3212 806 3273 putarant
820 3211 886 3267 (var.
906 3213 966 3258 ilex.
982 3225 1011 3273 u,
1029 3214 1052 3271 ῦς

158 3341 189 3396 (ὅ)
212 3340 274 3388 llud:
296 3341 317 3386 E
340 3342 414 3388 libero
431 3345 501 3390 aretio
514 3344 549 3402 pli
569 3342 664 3403 formae
685 3346 711 3392 di
729 3346 832 3392 traversi
847 3344 865 3390 il
884 3347 993 3391 moriere
1007 3348 1052 3392 alie

124 3407 239 3534 pamel
251 3477 358 3524 nautleae
374 3479 520 3538 peritissimis
537 3449 653 3539 stragem
668 3493 711 3528 sua
725 3480 798 3528 classe
813 3480 983 3529 adludentibus
