<?xml version="1.0" encoding="UTF-8"?>
<!DOCTYPE html PUBLIC "-//W3C//DTD XHTML 1.0 Transitional//EN"
    "http://www.w3.org/TR/xhtml1/DTD/xhtml1-transitional.dtd">
<html xmlns="http://www.w3.org/1999/xhtml" xml:lang="en" lang="en">
 <head>
  <title>
</title>
<meta http-equiv="Content-Type" content="text/html;charset=utf-8" />
  <meta name='ocr-system' content='tesseract 3.04.00' />
  <meta name='ocr-capabilities' content='ocr_page ocr_carea ocr_par ocr_line ocrx_word'/>
</head>
<body>
  <div class='ocr_page' id='page_1' title='image "./corneliinepotis18nepogoog_0120.png"; bbox 0 0 2452 3938; ppageno 0'>
   <div class='ocr_carea' id='block_1_1' title="bbox 518 247 1063 309">
    <p class='ocr_par' dir='ltr' id='par_1_1' title="bbox 518 247 1063 309">
     <span class='ocr_line' id='line_1_1' title="bbox 518 247 1063 309; baseline 0.006 -3"><span class='ocrx_word' id='word_1_1' title='bbox 518 259 678 308; x_wconf 70' lang='lat' dir='ltr'>inescans</span> <span class='ocrx_word' id='word_1_2' title='bbox 1001 247 1063 309; x_wconf 76' lang='lat' dir='ltr'>llh</span> 
     </span>
    </p>
   </div>
   <div class='ocr_carea' id='block_1_2' title="bbox 66 351 1064 2673">
    <p class='ocr_par' dir='ltr' id='par_1_2' title="bbox 66 351 1064 2184">
     <span class='ocr_line' id='line_1_2' title="bbox 132 351 1064 434; baseline 0.005 -19"><span class='ocrx_word' id='word_1_3' title='bbox 132 351 270 429; x_wconf 84' lang='lat' dir='ltr'>neribus,</span> <span class='ocrx_word' id='word_1_4' title='bbox 292 359 336 428; x_wconf 90' lang='lat' dir='ltr'>ut,</span> <span class='ocrx_word' id='word_1_5' title='bbox 355 351 407 433; x_wconf 93' lang='lat' dir='ltr'>qui</span> <span class='ocrx_word' id='word_1_6' title='bbox 425 351 535 415; x_wconf 89' lang='lat' dir='ltr'>ceteris</span> <span class='ocrx_word' id='word_1_7' title='bbox 550 352 784 432; x_wconf 64' lang='lat' dir='ltr'>praestitissent,</span> <span class='ocrx_word' id='word_1_8' title='bbox 805 372 856 417; x_wconf 91' lang='lat' dir='ltr'>eos</span> <span class='ocrx_word' id='word_1_9' title='bbox 875 355 990 434; x_wconf 83' lang='lat' dir='ltr'>magnis</span> <span class='ocrx_word' id='word_1_10' title='bbox 1019 357 1064 421; x_wconf 84' lang='lat' dir='ltr'>at·</span> 
     </span>
     <span class='ocr_line' id='line_1_3' title="bbox 131 448 1064 528; baseline 0.005 -16"><span class='ocrx_word' id='word_1_11' title='bbox 131 450 237 513; x_wconf 89' lang='lat' dir='ltr'>liceret</span> <span class='ocrx_word' id='word_1_12' title='bbox 253 448 439 512; x_wconf 85' lang='lat' dir='ltr'>muneribus.</span> <span class='ocrx_word' id='word_1_13' title='bbox 458 448 518 514; x_wconf 60' lang='lat' dir='ltr'>His.</span> <span class='ocrx_word' id='word_1_14' title='bbox 529 448 619 527; x_wconf 76' lang='lat' dir='ltr'>igitur</span> <span class='ocrx_word' id='word_1_15' title='bbox 636 449 726 513; x_wconf 89' lang='lat' dir='ltr'>robus</span> <span class='ocrx_word' id='word_1_16' title='bbox 743 450 860 528; x_wconf 80' lang='lat' dir='ltr'>effecit,</span> <span class='ocrx_word' id='word_1_17' title='bbox 878 461 913 521; x_wconf 92' lang='lat' dir='ltr'>ut</span> <span class='ocrx_word' id='word_1_18' title='bbox 929 461 959 516; x_wconf 92' lang='lat' dir='ltr'>et</span> <span class='ocrx_word' id='word_1_19' title='bbox 976 472 1064 517; x_wconf 88' lang='lat' dir='ltr'>orna·</span> 
     </span>
     <span class='ocr_line' id='line_1_4' title="bbox 131 545 1062 613; baseline 0.001 -1"><span class='ocrx_word' id='word_1_20' title='bbox 131 545 283 613; x_wconf 55' lang='lat' dir='ltr'>wiotum</span> <span class='ocrx_word' id='word_1_21' title='bbox 299 555 329 609; x_wconf 92' lang='lat' dir='ltr'>et</span> <span class='ocrx_word' id='word_1_22' title='bbox 347 545 624 611; x_wconf 85' lang='lat' dir='ltr'>exercitatissimum</span> <span class='ocrx_word' id='word_1_23' title='bbox 645 547 768 611; x_wconf 87' lang='lat' dir='ltr'>haberet</span> <span class='ocrx_word' id='word_1_24' title='bbox 791 549 1062 613; x_wconf 83' lang='lat' dir='ltr'>exercitum..lluic</span> 
     </span>
     <span class='ocr_line' id='line_1_5' title="bbox 132 643 1062 726; baseline 0.003 -19"><span class='ocrx_word' id='word_1_25' title='bbox 132 660 203 707; x_wconf 87' lang='lat' dir='ltr'>cum</span> <span class='ocrx_word' id='word_1_26' title='bbox 222 652 340 724; x_wconf 86' lang='lat' dir='ltr'>tempus</span> <span class='ocrx_word' id='word_1_27' title='bbox 357 652 436 707; x_wconf 86' lang='lat' dir='ltr'>esset</span> <span class='ocrx_word' id='word_1_28' title='bbox 452 643 550 706; x_wconf 83' lang='lat' dir='ltr'>risum</span> <span class='ocrx_word' id='word_1_29' title='bbox 569 645 671 726; x_wconf 88' lang='lat' dir='ltr'>copias</span> <span class='ocrx_word' id='word_1_30' title='bbox 688 646 844 709; x_wconf 79' lang='lat' dir='ltr'>extrahere</span> <span class='ocrx_word' id='word_1_31' title='bbox 870 665 905 708; x_wconf 84' lang='lat' dir='ltr'>ex</span> <span class='ocrx_word' id='word_1_32' title='bbox 924 646 1062 710; x_wconf 58' lang='lat' dir='ltr'>hibernas</span> 
     </span>
     <span class='ocr_line' id='line_1_6' title="bbox 133 729 1064 824; baseline 0.003 -20"><span class='ocrx_word' id='word_1_33' title='bbox 133 741 228 818; x_wconf 87' lang='lat' dir='ltr'>culis,</span> <span class='ocrx_word' id='word_1_34' title='bbox 247 740 337 821; x_wconf 72' lang='lat' dir='ltr'>uidit,</span> <span class='ocrx_word' id='word_1_35' title='bbox 349 740 394 818; x_wconf 89' lang='lat' dir='ltr'>si,</span> <span class='ocrx_word' id='word_1_36' title='bbox 408 760 467 822; x_wconf 93' lang='lat' dir='ltr'>quo</span> <span class='ocrx_word' id='word_1_37' title='bbox 483 751 562 809; x_wconf 85' lang='lat' dir='ltr'>esset</span> <span class='ocrx_word' id='word_1_38' title='bbox 579 741 637 809; x_wconf 87' lang='lat' dir='ltr'>iter</span> <span class='ocrx_word' id='word_1_39' title='bbox 650 743 781 805; x_wconf 87' lang='lat' dir='ltr'>lactarus</span> <span class='ocrx_word' id='word_1_40' title='bbox 792 743 916 823; x_wconf 69' lang='lat' dir='ltr'>„palam</span> <span class='ocrx_word' id='word_1_41' title='bbox 931 729 1064 824; x_wconf 86' lang='lat' dir='ltr'>pronun·</span> 
     </span>
     <span class='ocr_line' id='line_1_7' title="bbox 132 837 1062 923; baseline -0.001 -20"><span class='ocrx_word' id='word_1_42' title='bbox 132 838 260 917; x_wconf 85' lang='lat' dir='ltr'>classet,</span> <span class='ocrx_word' id='word_1_43' title='bbox 271 837 371 900; x_wconf 90' lang='lat' dir='ltr'>hostes</span> <span class='ocrx_word' id='word_1_44' title='bbox 388 856 449 900; x_wconf 90' lang='lat' dir='ltr'>non</span> <span class='ocrx_word' id='word_1_45' title='bbox 463 837 641 916; x_wconf 88' lang='lat' dir='ltr'>credituros,</span> <span class='ocrx_word' id='word_1_46' title='bbox 654 839 788 923; x_wconf 87' lang='lat' dir='ltr'>aliasque</span> <span class='ocrx_word' id='word_1_47' title='bbox 803 841 939 920; x_wconf 84' lang='lat' dir='ltr'><strong>regiones</strong></span> <span class='ocrx_word' id='word_1_48' title='bbox 951 841 1062 922; x_wconf 87' lang='lat' dir='ltr'>praesi-</span> 
     </span>
     <span class='ocr_line' id='line_1_8' title="bbox 132 932 1061 1019; baseline 0.002 -20"><span class='ocrx_word' id='word_1_49' title='bbox 132 934 191 999; x_wconf 85' lang='lat' dir='ltr'>diis</span> <span class='ocrx_word' id='word_1_50' title='bbox 206 945 425 1016; x_wconf 75' lang='lat' dir='ltr'>occupaturos,</span> <span class='ocrx_word' id='word_1_51' title='bbox 439 953 494 997; x_wconf 92' lang='lat' dir='ltr'>nec</span> <span class='ocrx_word' id='word_1_52' title='bbox 512 935 702 999; x_wconf 86' lang='lat' dir='ltr'>dubitaturos</span> <span class='ocrx_word' id='word_1_53' title='bbox 723 932 801 1000; x_wconf 86' lang='lat' dir='ltr'>aliud</span> <span class='ocrx_word' id='word_1_54' title='bbox 821 957 886 1001; x_wconf 88' lang='lat' dir='ltr'>esse</span> <span class='ocrx_word' id='word_1_55' title='bbox 905 946 1061 1019; x_wconf 85' lang='lat' dir='ltr'>pacturum</span> 
     </span>
     <span class='ocr_line' id='line_1_9' title="bbox 132 1031 1061 1115; baseline 0.005 -20"><span class='ocrx_word' id='word_1_56' title='bbox 132 1051 168 1095; x_wconf 82' lang='lat' dir='ltr'>ac</span> <span class='ocrx_word' id='word_1_57' title='bbox 184 1031 423 1114; x_wconf 87' lang='lat' dir='ltr'>pronunciasset.</span> <span class='ocrx_word' id='word_1_58' title='bbox 441 1031 647 1114; x_wconf 78' lang='lat' dir='ltr'>ltaque,.cum</span> <span class='ocrx_word' id='word_1_59' title='bbox 660 1034 712 1096; x_wconf 87' lang='lat' dir='ltr'>illo</span> <span class='ocrx_word' id='word_1_60' title='bbox 727 1031 890 1115; x_wconf 77' lang='lat' dir='ltr'>Sardes(l)</span> <span class='ocrx_word' id='word_1_61' title='bbox 905 1054 937 1096; x_wconf 91' lang='lat' dir='ltr'>se</span> <span class='ocrx_word' id='word_1_62' title='bbox 949 1036 1061 1105; x_wconf 84' lang='lat' dir='ltr'>iturum</span> 
     </span>
     <span class='ocr_line' id='line_1_10' title="bbox 132 1127 1060 1210; baseline 0.004 -19"><span class='ocrx_word' id='word_1_63' title='bbox 132 1127 274 1207; x_wconf 77' lang='lat' dir='ltr'>dixisset,</span> <span class='ocrx_word' id='word_1_64' title='bbox 293 1127 512 1210; x_wconf 71' lang='lat' dir='ltr'>Tissaphernes</span> <span class='ocrx_word' id='word_1_65' title='bbox 532 1129 669 1197; x_wconf 86' lang='lat' dir='ltr'>camdem</span> <span class='ocrx_word' id='word_1_66' title='bbox 696 1129 811 1203; x_wconf 83' lang='lat' dir='ltr'>Cariam</span> <span class='ocrx_word' id='word_1_67' title='bbox 843 1131 1060 1195; x_wconf 81' lang='lat' dir='ltr'>defendendam</span> 
     </span>
     <span class='ocr_line' id='line_1_11' title="bbox 132 1223 1061 1310; baseline 0.003 -21"><span class='ocrx_word' id='word_1_68' title='bbox 132 1225 261 1308; x_wconf 81' lang='lat' dir='ltr'>putarit.</span> <span class='ocrx_word' id='word_1_69' title='bbox 277 1223 311 1289; x_wconf 89' lang='lat' dir='ltr'>lu</span> <span class='ocrx_word' id='word_1_70' title='bbox 333 1244 479 1306; x_wconf 86' lang='lat' dir='ltr'>quocum</span> <span class='ocrx_word' id='word_1_71' title='bbox 499 1244 568 1288; x_wconf 89' lang='lat' dir='ltr'>enm</span> <span class='ocrx_word' id='word_1_72' title='bbox 588 1226 689 1307; x_wconf 90' lang='lat' dir='ltr'>opinio</span> <span class='ocrx_word' id='word_1_73' title='bbox 703 1227 871 1303; x_wconf 81' lang='lat' dir='ltr'>fefellisset,</span> <span class='ocrx_word' id='word_1_74' title='bbox 890 1228 1061 1310; x_wconf 83' lang='lat' dir='ltr'>victumque</span> 
     </span>
     <span class='ocr_line' id='line_1_12' title="bbox 130 1323 1058 1406; baseline 0.002 -21"><span class='ocrx_word' id='word_1_75' title='bbox 130 1323 301 1386; x_wconf 79' lang='lat' dir='ltr'>suddisset</span> <span class='ocrx_word' id='word_1_76' title='bbox 317 1323 455 1401; x_wconf 88' lang='lat' dir='ltr'>consilio,</span> <span class='ocrx_word' id='word_1_77' title='bbox 471 1341 537 1387; x_wconf 90' lang='lat' dir='ltr'>sero</span> <span class='ocrx_word' id='word_1_78' title='bbox 556 1324 619 1387; x_wconf 91' lang='lat' dir='ltr'>suis</span> <span class='ocrx_word' id='word_1_79' title='bbox 641 1324 791 1406; x_wconf 90' lang='lat' dir='ltr'>praesidio</span> <span class='ocrx_word' id='word_1_80' title='bbox 822 1326 972 1406; x_wconf 87' lang='lat' dir='ltr'>prolectas</span> <span class='ocrx_word' id='word_1_81' title='bbox 1002 1335 1058 1388; x_wconf 86' lang='lat' dir='ltr'>est.</span> 
     </span>
     <span class='ocr_line' id='line_1_13' title="bbox 130 1418 1060 1500; baseline 0.003 -18"><span class='ocrx_word' id='word_1_82' title='bbox 130 1418 228 1498; x_wconf 83' lang='lat' dir='ltr'>Nam,</span> <span class='ocrx_word' id='word_1_83' title='bbox 246 1438 314 1483; x_wconf 87' lang='lat' dir='ltr'>cum</span> <span class='ocrx_word' id='word_1_84' title='bbox 340 1421 391 1489; x_wconf 90' lang='lat' dir='ltr'>illo</span> <span class='ocrx_word' id='word_1_85' title='bbox 414 1421 567 1500; x_wconf 86' lang='lat' dir='ltr'>venisset,</span> <span class='ocrx_word' id='word_1_86' title='bbox 586 1420 646 1482; x_wconf 89' lang='lat' dir='ltr'>iam</span> <span class='ocrx_word' id='word_1_87' title='bbox 665 1420 837 1500; x_wconf 81' lang='lat' dir='ltr'>Agesilaus,</span> <span class='ocrx_word' id='word_1_88' title='bbox 858 1422 959 1484; x_wconf 89' lang='lat' dir='ltr'>multis</span> <span class='ocrx_word' id='word_1_89' title='bbox 987 1422 1060 1485; x_wconf 90' lang='lat' dir='ltr'>locis</span> 
     </span>
     <span class='ocr_line' id='line_1_14' title="bbox 131 1518 1059 1600; baseline 0 -20"><span class='ocrx_word' id='word_1_90' title='bbox 131 1518 326 1599; x_wconf 75' lang='lat' dir='ltr'>expugnatis,</span> <span class='ocrx_word' id='word_1_91' title='bbox 347 1536 454 1595; x_wconf 85' lang='lat' dir='ltr'>magna</span> <span class='ocrx_word' id='word_1_92' title='bbox 474 1527 538 1580; x_wconf 90' lang='lat' dir='ltr'>erat</span> <span class='ocrx_word' id='word_1_93' title='bbox 557 1519 668 1599; x_wconf 86' lang='lat' dir='ltr'>praeda</span> <span class='ocrx_word' id='word_1_94' title='bbox 686 1520 808 1600; x_wconf 90' lang='lat' dir='ltr'>potitus.</span> <span class='ocrx_word' id='word_1_95' title='bbox 838 1518 916 1582; x_wconf 87' lang='lat' dir='ltr'>Laco</span> <span class='ocrx_word' id='word_1_96' title='bbox 935 1529 1059 1596; x_wconf 87' lang='lat' dir='ltr'>autam,</span> 
     </span>
     <span class='ocr_line' id='line_1_15' title="bbox 131 1614 1060 1699; baseline -0.003 -18"><span class='ocrx_word' id='word_1_97' title='bbox 131 1634 200 1681; x_wconf 85' lang='lat' dir='ltr'>rum</span> <span class='ocrx_word' id='word_1_98' title='bbox 218 1615 333 1679; x_wconf 83' lang='lat' dir='ltr'>uideret</span> <span class='ocrx_word' id='word_1_99' title='bbox 348 1614 450 1677; x_wconf 90' lang='lat' dir='ltr'>hostes</span> <span class='ocrx_word' id='word_1_100' title='bbox 481 1615 617 1697; x_wconf 87' lang='lat' dir='ltr'>equitata</span> <span class='ocrx_word' id='word_1_101' title='bbox 647 1635 814 1698; x_wconf 89' lang='lat' dir='ltr'>superare,</span> <span class='ocrx_word' id='word_1_102' title='bbox 835 1636 999 1699; x_wconf 83' lang='lat' dir='ltr'>numquam</span> <span class='ocrx_word' id='word_1_103' title='bbox 1029 1618 1060 1678; x_wconf 89' lang='lat' dir='ltr'>in</span> 
     </span>
     <span class='ocr_line' id='line_1_16' title="bbox 132 1713 1059 1795; baseline -0.002 -18"><span class='ocrx_word' id='word_1_104' title='bbox 132 1713 305 1795; x_wconf 75' lang='lat' dir='ltr'>composui</span> <span class='ocrx_word' id='word_1_105' title='bbox 328 1713 399 1776; x_wconf 83' lang='lat' dir='ltr'>lecit</span> <span class='ocrx_word' id='word_1_106' title='bbox 418 1713 674 1795; x_wconf 62' lang='lat' dir='ltr'>potestatamffl),</span> <span class='ocrx_word' id='word_1_107' title='bbox 699 1725 730 1778; x_wconf 92' lang='lat' dir='ltr'>et</span> <span class='ocrx_word' id='word_1_108' title='bbox 756 1715 802 1776; x_wconf 91' lang='lat' dir='ltr'>his</span> <span class='ocrx_word' id='word_1_109' title='bbox 830 1716 903 1777; x_wconf 91' lang='lat' dir='ltr'>locis</span> <span class='ocrx_word' id='word_1_110' title='bbox 936 1734 1059 1777; x_wconf 83' lang='lat' dir='ltr'>ananum</span> 
     </span>
     <span class='ocr_line' id='line_1_17' title="bbox 132 1809 1059 1892; baseline 0.001 -19"><span class='ocrx_word' id='word_1_111' title='bbox 132 1810 301 1888; x_wconf 81' lang='lat' dir='ltr'>consmuit,</span> <span class='ocrx_word' id='word_1_112' title='bbox 322 1810 433 1892; x_wconf 89' lang='lat' dir='ltr'>quihus</span> <span class='ocrx_word' id='word_1_113' title='bbox 457 1809 525 1892; x_wconf 90' lang='lat' dir='ltr'>plus</span> <span class='ocrx_word' id='word_1_114' title='bbox 542 1811 692 1892; x_wconf 88' lang='lat' dir='ltr'>pedestres</span> <span class='ocrx_word' id='word_1_115' title='bbox 710 1812 816 1892; x_wconf 87' lang='lat' dir='ltr'>copiae</span> <span class='ocrx_word' id='word_1_116' title='bbox 838 1813 981 1874; x_wconf 85' lang='lat' dir='ltr'>valerent.</span> <span class='ocrx_word' id='word_1_117' title='bbox 1001 1811 1059 1874; x_wconf 90' lang='lat' dir='ltr'>Pe-</span> 
     </span>
     <span class='ocr_line' id='line_1_18' title="bbox 131 1907 1060 1989; baseline -0.002 -19"><span class='ocrx_word' id='word_1_118' title='bbox 131 1907 210 1989; x_wconf 87' lang='lat' dir='ltr'>pulit</span> <span class='ocrx_word' id='word_1_119' title='bbox 220 1925 310 1986; x_wconf 75' lang='lat' dir='ltr'>erpo,</span> <span class='ocrx_word' id='word_1_120' title='bbox 331 1907 581 1989; x_wconf 81' lang='lat' dir='ltr'>quotiescumque</span> <span class='ocrx_word' id='word_1_121' title='bbox 600 1925 776 1986; x_wconf 81' lang='lat' dir='ltr'>congressus</span> <span class='ocrx_word' id='word_1_122' title='bbox 792 1916 856 1984; x_wconf 90' lang='lat' dir='ltr'>est,</span> <span class='ocrx_word' id='word_1_123' title='bbox 876 1907 970 1969; x_wconf 88' lang='lat' dir='ltr'>multo</span> <span class='ocrx_word' id='word_1_124' title='bbox 993 1926 1060 1969; x_wconf 90' lang='lat' dir='ltr'>ma-</span> 
     </span>
     <span class='ocr_line' id='line_1_19' title="bbox 131 2003 1058 2085; baseline -0.001 -17"><span class='ocrx_word' id='word_1_125' title='bbox 131 2004 214 2069; x_wconf 81' lang='lat' dir='ltr'>iores</span> <span class='ocrx_word' id='word_1_126' title='bbox 231 2004 470 2072; x_wconf 83' lang='lat' dir='ltr'>aduersariorum</span> <span class='ocrx_word' id='word_1_127' title='bbox 482 2005 602 2085; x_wconf 88' lang='lat' dir='ltr'>copias;</span> <span class='ocrx_word' id='word_1_128' title='bbox 618 2012 648 2066; x_wconf 93' lang='lat' dir='ltr'>et</span> <span class='ocrx_word' id='word_1_129' title='bbox 664 2004 707 2065; x_wconf 92' lang='lat' dir='ltr'>sic</span> <span class='ocrx_word' id='word_1_130' title='bbox 724 2003 756 2064; x_wconf 92' lang='lat' dir='ltr'>in</span> <span class='ocrx_word' id='word_1_131' title='bbox 769 2003 840 2067; x_wconf 84' lang='lat' dir='ltr'>Asia</span> <span class='ocrx_word' id='word_1_132' title='bbox 853 2011 988 2066; x_wconf 80' lang='lat' dir='ltr'>vorsatus</span> <span class='ocrx_word' id='word_1_133' title='bbox 1001 2011 1058 2082; x_wconf 89' lang='lat' dir='ltr'>est,</span> 
     </span>
     <span class='ocr_line' id='line_1_20' title="bbox 66 2101 781 2184; baseline -0.006 -18"><span class='ocrx_word' id='word_1_134' title='bbox 66 2174 71 2183; x_wconf 35' lang='lat'>¹</span> <span class='ocrx_word' id='word_1_135' title='bbox 132 2110 167 2166; x_wconf 91' lang='lat' dir='ltr'>ut</span> <span class='ocrx_word' id='word_1_136' title='bbox 183 2102 479 2184; x_wconf 79' lang='lat' dir='ltr'>omniumopirriooe</span> <span class='ocrx_word' id='word_1_137' title='bbox 499 2101 592 2164; x_wconf 83' lang='lat' dir='ltr'>victor</span> <span class='ocrx_word' id='word_1_138' title='bbox 610 2101 781 2164; x_wconf 84' lang='lat' dir='ltr'>duceretur.</span> 
     </span>
    </p>

    <p class='ocr_par' dir='ltr' id='par_1_3' title="bbox 90 2194 1060 2673">
     <span class='ocr_line' id='line_1_21' title="bbox 90 2194 1060 2280; baseline -0.002 -15"><span class='ocrx_word' id='word_1_139' title='bbox 90 2194 97 2201; x_wconf 58' lang='grc'><em>”</em></span> <span class='ocrx_word' id='word_1_140' title='bbox 172 2199 223 2265; x_wconf 74' lang='grc' dir='ltr'>Ν.</span> <span class='ocrx_word' id='word_1_141' title='bbox 243 2198 298 2263; x_wconf 89' lang='lat' dir='ltr'>Hic</span> <span class='ocrx_word' id='word_1_142' title='bbox 316 2219 383 2263; x_wconf 91' lang='lat' dir='ltr'>cum</span> <span class='ocrx_word' id='word_1_143' title='bbox 409 2201 469 2262; x_wconf 91' lang='lat' dir='ltr'>iam</span> <span class='ocrx_word' id='word_1_144' title='bbox 498 2201 598 2263; x_wconf 89' lang='lat' dir='ltr'>auimo</span> <span class='ocrx_word' id='word_1_145' title='bbox 631 2199 828 2264; x_wconf 84' lang='lat' dir='ltr'>meditaretur-</span> <span class='ocrx_word' id='word_1_146' title='bbox 853 2198 1000 2280; x_wconf 84' lang='lat' dir='ltr'>proficisci</span> <span class='ocrx_word' id='word_1_147' title='bbox 1027 2198 1060 2263; x_wconf 87' lang='lat' dir='ltr'>iu</span> 
     </span>
     <span class='ocr_line' id='line_1_22' title="bbox 131 2295 1058 2381; baseline -0.003 -21"><span class='ocrx_word' id='word_1_148' title='bbox 131 2295 259 2376; x_wconf 83' lang='lat' dir='ltr'>Persas,</span> <span class='ocrx_word' id='word_1_149' title='bbox 277 2307 308 2362; x_wconf 83' lang='lat' dir='ltr'>et</span> <span class='ocrx_word' id='word_1_150' title='bbox 324 2298 424 2381; x_wconf 89' lang='lat' dir='ltr'>ipsum</span> <span class='ocrx_word' id='word_1_151' title='bbox 441 2316 541 2377; x_wconf 76' lang='lat' dir='ltr'>regem</span> <span class='ocrx_word' id='word_1_152' title='bbox 559 2297 687 2375; x_wconf 90' lang='lat' dir='ltr'>adoriri,</span> <span class='ocrx_word' id='word_1_153' title='bbox 706 2297 835 2364; x_wconf 88' lang='lat' dir='ltr'>nuncius</span> <span class='ocrx_word' id='word_1_154' title='bbox 850 2297 878 2361; x_wconf 91' lang='lat' dir='ltr'>ei</span> <span class='ocrx_word' id='word_1_155' title='bbox 898 2297 987 2360; x_wconf 91' lang='lat' dir='ltr'>domo</span> <span class='ocrx_word' id='word_1_156' title='bbox 999 2314 1058 2358; x_wconf 83' lang='lat' dir='ltr'>¹re-</span> 
     </span>
     <span class='ocr_line' id='line_1_23' title="bbox 131 2393 1059 2477; baseline -0.001 -20"><span class='ocrx_word' id='word_1_157' title='bbox 131 2395 395 2477; x_wconf 82' lang='lat' dir='ltr'>nit,.ephororma</span> <span class='ocrx_word' id='word_1_158' title='bbox 413 2395 509 2472; x_wconf 88' lang='lat' dir='ltr'>iussu,</span> <span class='ocrx_word' id='word_1_159' title='bbox 528 2394 640 2459; x_wconf 87' lang='lat' dir='ltr'>bellurn</span> <span class='ocrx_word' id='word_1_160' title='bbox 659 2394 857 2458; x_wconf 81' lang='lat' dir='ltr'>Athenienses</span> <span class='ocrx_word' id='word_1_161' title='bbox 872 2403 903 2458; x_wconf 91' lang='lat' dir='ltr'>et</span> <span class='ocrx_word' id='word_1_162' title='bbox 921 2393 1059 2457; x_wconf 88' lang='lat' dir='ltr'>Boeotios</span> 
     </span>
     <span class='ocr_line' id='line_1_24' title="bbox 132 2490 1057 2575; baseline 0.001 -20"><span class='ocrx_word' id='word_1_163' title='bbox 132 2490 280 2555; x_wconf 80' lang='lat' dir='ltr'>indixisse¹</span> <span class='ocrx_word' id='word_1_164' title='bbox 299 2490 564 2575; x_wconf 67' lang='lat' dir='ltr'>Lacedaemoniis3</span> <span class='ocrx_word' id='word_1_165' title='bbox 584 2510 678 2573; x_wconf 88' lang='lat' dir='ltr'>quare</span> <span class='ocrx_word' id='word_1_166' title='bbox 702 2492 805 2567; x_wconf 78' lang='lat' dir='ltr'>uenire</span> <span class='ocrx_word' id='word_1_167' title='bbox 829 2511 868 2555; x_wconf 91' lang='lat' dir='ltr'>ne</span> <span class='ocrx_word' id='word_1_168' title='bbox 892 2490 1057 2573; x_wconf 83' lang='lat' dir='ltr'>dubitaret.</span> 
     </span>
     <span class='ocr_line' id='line_1_25' title="bbox 132 2587 1058 2673; baseline -0.003 -18"><span class='ocrx_word' id='word_1_169' title='bbox 132 2587 166 2655; x_wconf 84' lang='lat' dir='ltr'>In</span> <span class='ocrx_word' id='word_1_170' title='bbox 182 2590 243 2659; x_wconf 85' lang='lat' dir='ltr'>¹huo</span> <span class='ocrx_word' id='word_1_171' title='bbox 258 2590 439 2653; x_wconf 82' lang='lat' dir='ltr'>uonminus</span> <span class='ocrx_word' id='word_1_172' title='bbox 458 2589 524 2655; x_wconf 88' lang='lat' dir='ltr'>eius</span> <span class='ocrx_word' id='word_1_173' title='bbox 552 2589 649 2672; x_wconf 87' lang='lat' dir='ltr'>pietas</span> <span class='ocrx_word' id='word_1_174' title='bbox 673 2589 863 2672; x_wconf 90' lang='lat' dir='ltr'>suspicienda</span> <span class='ocrx_word' id='word_1_175' title='bbox 887 2599 949 2668; x_wconf 90' lang='lat' dir='ltr'>ost,</span> <span class='ocrx_word' id='word_1_176' title='bbox 968 2608 1058 2673; x_wconf 88' lang='lat' dir='ltr'>quam</span> 
     </span>
    </p>
   </div>
   <div class='ocr_carea' id='block_1_3' title="bbox 95 2685 1096 3157">
    <p class='ocr_par' dir='ltr' id='par_1_4' title="bbox 95 2685 1096 3157">
     <span class='ocr_line' id='line_1_26' title="bbox 133 2685 1058 2769; baseline -0.002 -20"><span class='ocrx_word' id='word_1_177' title='bbox 133 2687 227 2750; x_wconf 74' lang='lat' dir='ltr'>uirtus</span> <span class='ocrx_word' id='word_1_178' title='bbox 243 2686 371 2753; x_wconf 85' lang='lat' dir='ltr'>bellica:</span> <span class='ocrx_word' id='word_1_179' title='bbox 391 2685 462 2768; x_wconf 86' lang='lat' dir='ltr'>qui,</span> <span class='ocrx_word' id='word_1_180' title='bbox 477 2705 555 2758; x_wconf 58' lang='lat' dir='ltr'>,eum</span> <span class='ocrx_word' id='word_1_181' title='bbox 586 2687 690 2758; x_wconf 70' lang='lat' dir='ltr'>victori</span> <span class='ocrx_word' id='word_1_182' title='bbox 711 2697 865 2769; x_wconf 86' lang='lat' dir='ltr'>praeesset</span> <span class='ocrx_word' id='word_1_183' title='bbox 895 2687 1058 2764; x_wconf 86' lang='lat' dir='ltr'>exercitui,</span> 
     </span>
     <span class='ocr_line' id='line_1_27' title="bbox 133 2783 1096 2865; baseline -0.001 -19"><span class='ocrx_word' id='word_1_184' title='bbox 133 2783 354 2865; x_wconf 85' lang='lat' dir='ltr'>maximamque</span> <span class='ocrx_word' id='word_1_185' title='bbox 372 2783 499 2846; x_wconf 88' lang='lat' dir='ltr'>haberet</span> <span class='ocrx_word' id='word_1_186' title='bbox 527 2784 667 2846; x_wconf 89' lang='lat' dir='ltr'>fiduciam</span> <span class='ocrx_word' id='word_1_187' title='bbox 699 2785 783 2862; x_wconf 83' lang='lat' dir='ltr'>regni</span> <span class='ocrx_word' id='word_1_188' title='bbox 810 2784 968 2846; x_wconf 87' lang='lat' dir='ltr'>Persarum</span> <span class='ocrx_word' id='word_1_189' title='bbox 1001 2802 1058 2864; x_wconf 91' lang='lat' dir='ltr'>po·</span> <span class='ocrx_word' id='word_1_190' title='bbox 1089 2786 1096 2801; x_wconf 76' lang='grc'><em>“</em></span> 
     </span>
     <span class='ocr_line' id='line_1_28' title="bbox 95 2878 1060 2958; baseline -0.001 -16"><span class='ocrx_word' id='word_1_191' title='bbox 95 2951 97 2954; x_wconf 39' lang='grc'>,</span> <span class='ocrx_word' id='word_1_192' title='bbox 132 2880 246 2958; x_wconf 87' lang='lat' dir='ltr'>tioudi,</span> <span class='ocrx_word' id='word_1_193' title='bbox 267 2886 350 2943; x_wconf 85' lang='lat' dir='ltr'>tanta</span> <span class='ocrx_word' id='word_1_194' title='bbox 371 2880 517 2943; x_wconf 87' lang='lat' dir='ltr'>modestia</span> <span class='ocrx_word' id='word_1_195' title='bbox 533 2880 613 2943; x_wconf 90' lang='lat' dir='ltr'>dicto</span> <span class='ocrx_word' id='word_1_196' title='bbox 631 2879 758 2943; x_wconf 90' lang='lat' dir='ltr'>audiens</span> <span class='ocrx_word' id='word_1_197' title='bbox 776 2879 832 2942; x_wconf 84' lang='lat' dir='ltr'>fuit</span> <span class='ocrx_word' id='word_1_198' title='bbox 847 2879 936 2941; x_wconf 91' lang='lat' dir='ltr'>iussis</span> <span class='ocrx_word' id='word_1_199' title='bbox 952 2878 1060 2942; x_wconf 86' lang='lat' dir='ltr'>ahsen-</span> 
     </span>
     <span class='ocr_line' id='line_1_29' title="bbox 132 2975 1060 3058; baseline -0.001 -19"><span class='ocrx_word' id='word_1_200' title='bbox 132 2975 208 3039; x_wconf 88' lang='lat' dir='ltr'>tium</span> <span class='ocrx_word' id='word_1_201' title='bbox 227 2976 466 3057; x_wconf 79' lang='lat' dir='ltr'>magistratuum,</span> <span class='ocrx_word' id='word_1_202' title='bbox 482 2977 555 3040; x_wconf 89' lang='lat' dir='ltr'>atsi</span> <span class='ocrx_word' id='word_1_203' title='bbox 576 2976 709 3058; x_wconf 81' lang='lat' dir='ltr'>priuatus</span> <span class='ocrx_word' id='word_1_204' title='bbox 727 2976 759 3038; x_wconf 91' lang='lat' dir='ltr'>in</span> <span class='ocrx_word' id='word_1_205' title='bbox 778 2975 902 3038; x_wconf 86' lang='lat' dir='ltr'>comitio</span> <span class='ocrx_word' id='word_1_206' title='bbox 916 2976 963 3056; x_wconf 81' lang='lat'>(3)</span> <span class='ocrx_word' id='word_1_207' title='bbox 979 2984 1060 3038; x_wconf 86' lang='lat' dir='ltr'>esset</span> 
     </span>
     <span class='ocr_line' id='line_1_30' title="bbox 133 3065 1058 3157; baseline 0.001 -22"><span class='ocrx_word' id='word_1_208' title='bbox 133 3070 269 3157; x_wconf 87' lang='lat' dir='ltr'>Spartae.</span> <span class='ocrx_word' id='word_1_209' title='bbox 292 3070 383 3138; x_wconf 77' lang='lat' dir='ltr'>curus</span> <span class='ocrx_word' id='word_1_210' title='bbox 400 3075 568 3156; x_wconf 81' lang='lat' dir='ltr'>exemplum</span> <span class='ocrx_word' id='word_1_211' title='bbox 597 3073 711 3136; x_wconf 90' lang='lat' dir='ltr'>utinam</span> <span class='ocrx_word' id='word_1_212' title='bbox 740 3065 1058 3155; x_wconf 85' lang='lat' dir='ltr'>imperatores&#39;nostri</span> 
     </span>
    </p>
   </div>
   <div class='ocr_carea' id='block_1_4' title="bbox 132 3283 1060 3551">
    <p class='ocr_par' dir='ltr' id='par_1_5' title="bbox 132 3283 1060 3551">
     <span class='ocr_line' id='line_1_31' title="bbox 164 3283 1060 3366; baseline 0 -36"><span class='ocrx_word' id='word_1_213' title='bbox 164 3283 193 3341; x_wconf 81' lang='lat' dir='ltr'>(ll</span> <span class='ocrx_word' id='word_1_214' title='bbox 210 3286 261 3344; x_wconf 82' lang='lat' dir='ltr'>Quo</span> <span class='ocrx_word' id='word_1_215' title='bbox 276 3285 320 3366; x_wconf 81' lang='lat' dir='ltr'>luit</span> <span class='ocrx_word' id='word_1_216' title='bbox 333 3287 390 3334; x_wconf 88' lang='lat' dir='ltr'>urbs</span> <span class='ocrx_word' id='word_1_217' title='bbox 404 3286 491 3346; x_wconf 81' lang='lat' dir='ltr'>hydrae</span> <span class='ocrx_word' id='word_1_218' title='bbox 508 3289 586 3348; x_wconf 86' lang='lat' dir='ltr'>eaput,</span> <span class='ocrx_word' id='word_1_219' title='bbox 605 3287 719 3345; x_wconf 85' lang='lat' dir='ltr'>quaradlu</span> <span class='ocrx_word' id='word_1_220' title='bbox 733 3286 839 3346; x_wconf 88' lang='lat' dir='ltr'>lydorum</span> <span class='ocrx_word' id='word_1_221' title='bbox 855 3298 937 3344; x_wconf 77' lang='lat' dir='ltr'>regum</span> <span class='ocrx_word' id='word_1_222' title='bbox 954 3285 1060 3346; x_wconf 85' lang='lat' dir='ltr'>potaatla</span> 
     </span>
     <span class='ocr_line' id='line_1_32' title="bbox 132 3351 868 3483; baseline 0.003 -18"><span class='ocrx_word' id='word_1_223' title='bbox 132 3351 413 3480; x_wconf 53' lang='lat' dir='ltr'>seqqqrdeqqqqnqm</span> <span class='ocrx_word' id='word_1_224' title='bbox 430 3421 453 3467; x_wconf 90' lang='lat' dir='ltr'>in</span> <span class='ocrx_word' id='word_1_225' title='bbox 463 3422 558 3481; x_wconf 87' lang='lat' dir='ltr'>plaoltle</span> <span class='ocrx_word' id='word_1_226' title='bbox 571 3421 691 3483; x_wconf 79' lang='lat' dir='ltr'>pugnaodl</span> <span class='ocrx_word' id='word_1_227' title='bbox 706 3419 868 3482; x_wconf 85' lang='lat' dir='ltr'>copiamleclt.</span> 
     </span>
     <span class='ocr_line' id='line_1_33' title="bbox 162 3485 972 3551; baseline 0.007 -19"><span class='ocrx_word' id='word_1_228' title='bbox 162 3485 195 3548; x_wconf 74' lang='grc' dir='ltr'>(ὅ)</span> <span class='ocrx_word' id='word_1_229' title='bbox 211 3486 253 3533; x_wconf 88' lang='lat' dir='ltr'>llhi</span> <span class='ocrx_word' id='word_1_230' title='bbox 264 3489 441 3546; x_wconf 70' lang='lat' dir='ltr'>magistratuum</span> <span class='ocrx_word' id='word_1_231' title='bbox 457 3490 532 3538; x_wconf 86' lang='lat' dir='ltr'>edicta</span> <span class='ocrx_word' id='word_1_232' title='bbox 549 3490 579 3536; x_wconf 84' lang='lat' dir='ltr'>ad</span> <span class='ocrx_word' id='word_1_233' title='bbox 594 3491 673 3551; x_wconf 84' lang='lat' dir='ltr'>populi</span> <span class='ocrx_word' id='word_1_234' title='bbox 688 3501 800 3537; x_wconf 85' lang='lat' dir='ltr'>coronam</span> <span class='ocrx_word' id='word_1_235' title='bbox 811 3488 972 3538; x_wconf 84' lang='lat' dir='ltr'>recitarentur.</span> 
     </span>
    </p>
   </div>
   <div class='ocr_carea' id='block_1_5' title="bbox 0 0 1230 3938">
    <p class='ocr_par' dir='ltr' id='par_1_6' title="bbox 0 0 1230 3938">
     <span class='ocr_line' id='line_1_34' title="bbox 0 0 1230 3938; baseline 0 0"><span class='ocrx_word' id='word_1_236' title='bbox 0 0 1230 3938; x_wconf 95' lang='lat' dir='ltr'> </span> 
     </span>
    </p>
   </div>
  </div>
 </body>
</html>
