2452 3938
189 225 249 288 180
442 238 526 284 rrros
543 235 708 283 eorroruus
726 235 848 282 urricus

188 342 232 397 tre
262 334 294 396 in
318 332 443 413 gretiam
466 333 602 409 rediisse,
630 348 784 410 nunquam
811 350 878 392 cum
903 351 1004 396 sorore
1021 334 1115 400 luisse

186 433 218 494 in
240 433 408 507 simultate,
439 447 527 510 quam
558 446 650 510 prope
675 427 828 509 aequalem
858 429 998 494 babebat.
1026 431 1116 504 Quod

170 536 233 596 est
250 529 387 606 signum,
411 534 463 590 aut
489 527 601 588 nullam
624 544 757 608 unquam
787 527 865 589 inter
887 545 939 589 eos
958 530 1114 609 querimo-

186 626 266 686 niam
294 624 518 698 intercessisse,
548 631 599 685 aut
621 623 701 685 hunc
729 642 764 685 ea
792 623 883 686 fuisse
910 624 941 686 in
969 644 1040 689 suos
1062 627 1115 690 in·

187 721 355 799 dulgentia,
374 730 423 796 ut,
450 737 525 802 quos
550 737 651 781 amare
677 719 816 797 deberet,
840 721 927 782 irasci
955 722 998 784 eis
1027 726 1114 789 nefas

187 819 319 880 duceret.
349 815 450 897 Neque
474 817 506 882 id
523 816 593 879 iecit
608 826 715 879 natura
732 816 850 878 solum:
875 836 1057 899 quamquem
1077 842 1114 884 o-

186 932 271 975 mnes
287 913 313 974 ei
326 931 475 992 paremus:
490 912 640 975 sedetiam
653 912 800 987 doctrine3
814 931 883 974 nam
896 922 927 975 et
940 914 1114 996 principum

187 1009 432 1091 philosophorum
461 1009 503 1071 ita
531 1018 670 1090 percepta
699 1008 804 1070 habuit
832 1019 1004 1091 praecepta,
1024 1020 1064 1075 ut·
1075 1013 1114 1076 iis

186 1105 225 1168 ad
254 1105 343 1167 vitam
371 1105 540 1185 agendam,
570 1124 631 1166 non
658 1105 695 1167 ad
728 1105 975 1182 ostentationem,
1009 1115 1113 1171 utere·

189 1211 238 1266 tur
257 1202 316 1282 (i).

227 1297 329 1361 XVllI.
347 1297 434 1361 Moris
452 1299 540 1360 etiam
560 1298 706 1360 maiorum
728 1315 862 1360 summus
884 1296 1016 1360 imitator
1035 1301 1111 1379 luit,

171 1400 175 1447 ἰ
186 1396 429 1477 antiquitatisque
453 1401 579 1456 amator:
605 1413 694 1475 quam
720 1395 793 1456 adeo
822 1393 978 1471 diiigenter
1006 1395 1114 1462 habuit

189 1494 349 1572 cognitam,
371 1502 403 1552 ut
425 1510 490 1553 eam
509 1499 601 1561 totam
624 1492 656 1552 in
675 1510 710 1552 eo
728 1490 878 1553 volumine
897 1490 944 1572 (F)
963 1511 1113 1573 exposue-

189 1589 240 1666 rit,
260 1610 318 1671 quo
336 1588 522 1666 magistratus
548 1586 703 1649 ordinarit.
730 1585 817 1648 Nulla
833 1588 912 1650 enim
932 1589 993 1664 lex,
1012 1609 1112 1671 neque

186 1705 252 1767 pax,
280 1704 377 1765 neque
395 1683 519 1759 bellum,
546 1701 643 1764 neque
661 1702 707 1745 res
725 1683 848 1746 illustris
874 1692 919 1746 est
937 1686 1036 1766 populi
1055 1705 1108 1749 ro-

180 1782 279 1865 mani,
293 1799 369 1862 quae
387 1799 445 1842 non
466 1779 497 1841 in
510 1799 558 1856 ec,
575 1799 629 1842 suo
651 1787 793 1860 tempore,
811 1781 849 1842 sit
861 1790 973 1843 notata:
990 1790 1019 1843 et
1030 1785 1109 1863 quod

188 1878 394 1940 difficillimum
405 1877 472 1952 tuit,
486 1876 528 1937 sio
540 1875 719 1938 familiarum
736 1874 880 1954 originem
896 1878 1058 1954 subtexuit,
1077 1893 1112 1944 ut

186 1994 220 2037 ex
235 1993 269 2037 eo
285 1975 432 2036 clarorum
449 1973 576 2034 virorum
596 1972 774 2052 propagines
788 1971 936 2050 possimus
953 1990 1112 2051 eognosce-

186 2090 230 2134 re.
252 2071 333 2134 Fecit
360 2070 415 2132 hoo
434 2070 510 2131 idem
529 2069 688 2148 separatim
714 2068 744 2128 in
763 2067 830 2130 aliis
849 2068 945 2148 libris3
969 2077 1002 2132 ut
1019 2070 1111 2135 Marci

186 2167 269 2230 Bruti
281 2177 396 2245 rogatu,
414 2166 529 2228 Ioniam
541 2165 684 2227 familiam
701 2185 718 2227 a
734 2163 826 2245 stirpe
838 2165 874 2226 ad
890 2165 967 2226 hanc
981 2175 1109 2228 aetatem

188 2265 290 2327 ordine
310 2263 505 2338 enumerarit,
526 2271 644 2337 notans,
664 2261 758 2341 qui,a
776 2279 834 2341 quo
850 2270 946 2337 ortus,
971 2280 1045 2342 quos
1058 2262 1111 2324 ho·

187 2379 286 2436 nores,
302 2360 470 2441 quibusque
484 2358 669 2440 temporibus
686 2358 824 2439 cepisset:
839 2357 903 2438 pari
918 2358 1018 2433 modo,
1029 2356 1110 2419 llar-

188 2457 254 2518 celli
277 2456 390 2520 Claudii
416 2456 481 2536 (3),
506 2454 730 2530 llarcellorum3
757 2452 904 2535 Scipionis
929 2453 1058 2517 Cornelii
1080 2464 1110 2517 et

187 2551 272 2614 Fabii
288 2551 417 2626 Maximi,
436 2550 639 2614 Corneliorum
659 2560 688 2612 et
702 2550 861 2612 Fabiorum
874 2559 903 2612 et
914 2549 1109 2613 Aemiliorum

189 2667 318 2730 quoque:
339 2647 448 2728 quibus
464 2647 549 2708 libris
564 2646 638 2708 nihil
653 2654 749 2727 potest
767 2665 831 2708 esse
851 2646 967 2708 dulcius
986 2646 1035 2724 iis,
1056 2650 1109 2729 qui
1141 2663 1152 2683 ⁴*

176 2747 316 2826 aliquam
333 2743 524 2825 cupiditatem
540 2744 653 2807 habent
668 2743 790 2805 notitiae
803 2744 951 2805 clarorum
964 2744 1107 2806 rirorum.

223 2979 252 3037 (l)
264 2981 324 3027 Suae
338 2984 419 3028 aetatis
429 2982 583 3040 philosophos
597 2983 677 3040 carpit,
691 2980 733 3037 qui
748 2979 854 3038 plerique
866 2975 1045 3036 philosophiam,
1062 2984 1111 3023 ora·

191 3049 288 3106 putandi
303 3051 375 3106 gratia
390 3051 534 3108 arripuerant
545 3051 569 3093 et
581 3047 720 3106 ostentandi,
736 3058 784 3091 non
800 3057 855 3092 raro
870 3046 932 3090 recte
948 3041 1046 3087 vivendi.
1064 3043 1110 3089 Sed

190 3114 228 3159 hic
244 3115 389 3173 philosophia
412 3117 535 3173 usurpatur
555 3116 670 3171 tamquam
693 3112 805 3159 naturalis
821 3109 934 3168 quaedam
949 3106 1072 3167 prudentia
1086 3110 1108 3152 in

190 3181 259 3226 rebus
272 3182 378 3240 augendis,
389 3181 555 3240 Epicureorum
571 3194 673 3238 numqua
688 3181 801 3238 doctrina,
811 3180 851 3224 eui
868 3177 953 3223 Atticus
968 3186 1054 3223 nomen
1069 3175 1110 3220 de-

191 3247 262 3304 derat,
276 3249 410 3304 praeseriim
423 3249 483 3306 apud
495 3249 609 3295 Romanos
625 3262 671 3295 non
684 3261 713 3295 oa
728 3249 786 3307 erat,
799 3248 826 3292 ut
843 3246 914 3290 Attico
927 3241 1010 3287 laudes
1019 3240 1119 3305 Nepotis..

190 3313 330 3360 conciliaret.

220 3380 248 3432 (21
262 3380 294 3423 ite
304 3380 349 3424 hoc
365 3379 394 3425 ci.
410 3379 489 3425 adnot.
505 3382 532 3426 ad
548 3382 647 3426 hanni).
663 3383 725 3434 arrh,

220 3446 256 3505 ιδ)
269 3446 359 3505 nugam
374 3449 475 3494 blnrcelli
488 3448 595 3505 cruento,
