2452 3938
167 196 181 227 0

206 263 248 327 58
585 277 757 327 snmnrrnns

206 395 290 442 suam
309 375 458 439 fortunam
471 373 567 439 occuli
578 393 678 454 posse.
698 373 796 438 Falso.
810 371 885 437 Nam
899 371 1040 452 Thraces,
1055 383 1132 455 post·

206 493 296 557 quam
316 490 385 537 eum
403 489 471 534 cum
491 489 599 550 magna
613 471 747 552 pecunia
761 469 877 535 venisse
899 481 1069 563 senserunt,
1084 474 1131 534 in·
1149 531 1152 538 .

205 572 297 639 sidiae
314 569 343 634 ei
354 568 566 649 tecoruotpqui
583 587 629 646 ea,
644 587 722 650 quae
732 567 1131 650 apportaratpsbstuternnt,

204 669 303 750 ipsam
323 684 429 747 capere
446 673 700 746 nonpotueruat.
719 665 775 731 Ille·
793 684 930 743 ocrnens,
950 667 1067 729 nullom
1085 668 1132 730 lo·

205 767 277 827 'cnm
292 762 351 824 sibi
369 771 465 826 tulum
484 763 517 825 in
540 760 679 839 Graecia,
702 770 830 844 propter
857 746 1019 844 potdntiam
1036 763 1132 827 Lace·

204 859 511 940 daemoniorium),
529 859 575 921 ad
585 857 810 925 Pharnabazum
828 861 860 924 in
880 861 981 924 Asiam
1000 861 1130 924 transiit.

206 955 299 1028 Quem
312 957 433 1037 quidam
445 957 519 1021 adeo
531 975 587 1023 sua
604 959 684 1040 cepit
698 957 899 1035 humanitate,
913 967 946 1021 ut
957 977 1026 1022 eum
1042 976 1130 1021 nemo

204 1055 236 1124 in
255 1054 387 1119 amicitia
404 1054 603 1119 antecederet.
621 1053 762 1136 ‘Namque
787 1057 815 1120 ei
840 1055 985 1120 Granium
1009 1055 1132 1118 dederat

201 1152 234 1215 in
249 1151 375 1232 Phrygia
386 1151 432 1232 (2)
445 1159 587 1228 castrum,
606 1170 642 1215 es
658 1171 718 1234 quo
733 1153 944 1235 quinquagena
958 1152 1070 1215 talenta
1082 1151 1129 1234 (3)

201 1249 352 1329 uectigalis
381 1249 529 1330 capiebat.
559 1247 623 1320 Qua
650 1250 768 1313 fortuna
789 1250 958 1313 Alcibiades
986 1257 1131 1313 nouerat

200 1355 369 1423 contentus,
388 1364 486 1427 neque
503 1346 634 1408 Athenas
652 1346 742 1409 victas
759 1345 1004 1410 Lacedaemoniis
1019 1346 1131 1410 servire

200 1453 318 1524 poterat
334 1442 407 1523 pati.
424 1441 528 1522 Itaque
543 1442 581 1504 ad
599 1442 724 1521 patriam
743 1442 928 1505 liberandam
950 1442 1032 1505 omni
1047 1444 1130 1507 sere·

178 1623 181 1630 Ι
199 1539 289 1603 batur
299 1538 489 1618 cogitatione.
503 1535 563 1604 Sed
574 1537 704 1616 ridebat,
717 1538 748 1601 id
755 1538 821 1601 sine
833 1558 903 1619 rege
914 1539 1129 1624 Persarum(d)

199 1655 261 1700 non
278 1655 367 1717 posse
391 1635 473 1713 fieri,
497 1635 626 1718 ideoque
654 1653 722 1700 eum
748 1636 878 1701 amicum
908 1637 966 1700 sibi
988 1637 1130 1718 cupiebat

200 1733 333 1812 adiungi.
357 1732 460 1814 Neque
475 1733 634 1803 dubitabat
658 1733 746 1797 facile
772 1753 804 1797 se
823 1743 1073 1813 comoediarum,
1102 1735 1129 1798 si

199 1831 288 1895 mado
307 1831 372 1897 eius
386 1831 583 1897 conveniendi
600 1831 755 1896 habuisset
778 1839 966 1913 potestatam.
982 1831 1054 1894 Naro
1070 1831 1129 1914 Cp-

198 1948 266 1993 rum
283 1928 405 1992 fratrem
418 1929 448 1991 ei
466 1927 577 1993 bellum
595 1930 673 1992 olam
691 1946 796 2010 parare
814 1928 862 2010 (5)
880 1928 1128 1994 Lacedaemoniis

198 2027 419 2103 adiuvantibus,
434 2025 559 2091 sciebat.
570 2026 614 2111 ‚hi
632 2026 659 2090 si
676 2026 705 2089 ei
719 2027 910 2109 aperuisset,
938 2044 1127 2104 magnamae

200 2127 237 2189 ab
255 2145 293 2188 eo
309 2124 454 2189 initurum
472 2123 597 2203 gratiam
614 2123 743 2187 videbat.
809 2133 832 2157 ·’
1120 2128 1123 2133 ‘

121 2242 192 2286 naor
239 2223 275 2286 X.
295 2223 375 2289 llaec
399 2241 467 2287 cum
492 2222 660 2298 moliretur,
687 2229 860 2302 peteretque
878 2239 897 2282 a
918 2219 1123 2299 Pharnabazo,

199 2331 233 2383 ut
250 2321 288 2382 ad
304 2339 405 2399 regem
425 2319 603 2395 mitteretur,
620 2318 726 2381 eodem
741 2326 876 2398 tempore
892 2315 999 2382 Critias
1014 2317 1125 2380 cated-

201 2435 259 2499 que
277 2417 394 2497 tyranni
417 2415 646 2498 Atheniensium
657 2415 705 2499 (6)
724 2424 820 2478 certos
843 2413 980 2477 bamines
1003 2415 1041 2477 sd
1064 2413 1124 2496 Lp-

231 2626 264 2684 (Ι)
279 2627 324 2684 Qut
338 2628 456 2685 captorum
472 2625 567 2672 urbium
582 2627 673 2672 exsules
688 2637 838 2682 quocumque
852 2624 1059 2684 persequerentur.

231 2695 264 2753 (2)
281 2696 344 2741 isiae
359 2695 458 2741 minoris
473 2694 594 2753 provincia
603 2693 634 2739 sd
646 2692 831 2752 Hellespontum.

228 2763 261 2820 (ὅ)
276 2763 358 2808 Ferme
373 2762 470 2822 275‚0oo
484 2759 586 2819 [ronchi.
868 2768 870 2773 ·

228 2833 260 2888 (tt
275 2834 393 2880 blnenons
407 2830 543 2886 Artaxerxe,
558 2829 600 2887 qui
614 2826 714 2874 bartoli
729 2827 803 2874 llotbo
814 2827 966 2873 successerat.

229 2903 260 2958 (ὅ)
276 2901 323 2947 lam
336 2899 409 2945 semel
423 2901 494 2957 cyrus
509 2898 563 2957 post
577 2897 648 2957 patris
668 2898 766 2943 mortem
781 2908 846 2943 arma
860 2896 885 2941 in
907 2894 1000 2942 tratrem
1011 2891 1123 2952 ceperat,

198 2972 319 3027 virtusque
333 2968 408 3027 ¹capite
423 2965 499 3013 luerat
514 2964 649 3024 damnatum
664 2964 799 3011 parisatidis
820 2965 898 3009 autem
913 2961 994 3007 matris
1012 2960 1123 3019 precibus

198 3038 316 3096 servatus,
330 3046 458 3094 rursusque
479 3035 543 3081 isiae
558 3035 646 3080 minori
663 3032 812 3093 praelectus,
832 3031 920 3078 bellum
936 3031 993 3075 tunc
1013 3029 1124 3088 temporis

197 3108 260 3152 ctam
274 3109 357 3151 contra
368 3104 462 3151 tratrem
477 3103 630 3162 instaurabat,
643 3103 748 3148 collectis
766 3102 864 3159 graecis,
879 3100 1004 3159 praecipue
1019 3108 1076 3142 sero
1090 3095 1123 3140 la·

95 3216 102 3231 ,
196 3173 352 3220 cadaemonlls
376 3171 535 3228 mercenariis,
558 3170 598 3227 qul
623 3170 721 3230 postes,
743 3181 769 3214 re
794 3168 854 3214 male
869 3165 899 3212 ad
918 3166 1035 3211 cunarum
1059 3162 1124 3220 geste

198 3242 324 3296 occisoque
336 3239 411 3297 «Cyro,
427 3237 571 3297 praeclarum
586 3237 650 3283 illum
666 3236 709 3282 sibi
732 3237 755 3281 in
772 3235 870 3294 patriam
890 3232 990 3278 reditum
1005 3229 1122 3288 effecere,

196 3320 268 3366 quem
275 3307 364 3353 itineris
378 3306 427 3352 dux
442 3305 571 3365 Xenophon
586 3305 659 3362 magis
677 3307 747 3351 etiam
760 3303 883 3349 illustravit
894 3302 1038 3368 ’Δναράυιως
1054 3297 1124 3343 libro·

228 3374 259 3428 (ti
276 3373 380 3430 Triginta
392 3371 508 3429 Lysander
523 3372 617 3418 Athenis
631 3374 694 3418 siros
709 3370 869 3428 constituerat,
881 3369 925 3426 qut
939 3379 979 3413 eas
994 3366 1125 3412 intoleran-

197 3441 229 3486 do
241 3443 339 3501 imperto
354 3440 461 3499 affecere,
476 3441 551 3487 donec
562 3440 729 3501 Thrasybulus,
737 3452 783 3500 sos,
800 3439 907 3484 collectis
915 3435 1047 3492 cnutum,
1059 3431 1124 3491 rtcit,

197 3509 269 3566 atque
284 3511 385 3570 epatris
400 3510 494 3569 expulit.
660 3504 663 3509 '
