2452 3938
137 245 176 308 'l8
222 227 224 232 ¹
565 263 635 307 mou

133 355 207 418 Nam
219 353 309 418 celeri
318 370 440 416 rumore
452 352 555 428 dilato,
572 352 661 416 Dioni
672 352 730 415 rim
744 353 877 429 allatam,
890 353 979 417 multi
990 374 1060 420 eon·

85 507 87 511 .
134 463 301 530 currerent,
319 450 428 533 quihus
450 451 509 513 tole
522 451 640 513 lacinus
658 450 847 534 displicebat.
867 450 904 514 lli
922 453 999 517 salsa
1012 473 1060 518 scr·

133 550 267 633 spinione
283 548 377 625 ducti,
395 547 600 624 immerentes,
619 548 763 625 inermes,
781 557 814 611 ut
832 549 994 613 sceleratos
1008 569 1059 614 oc·

135 647 249 710 cidnnt.
262 644 358 708 Huius
371 645 409 707 (le
421 653 515 708 morte
526 653 560 707 nl
572 645 670 727 palam
683 646 793 708 leolum
809 653 865 723 est,
883 644 1060 710 mirabiliter

131 743 210 822 vulgi
226 743 384 805 immutate
402 750 447 805 est
469 742 620 805 voluntas.
639 741 712 804 Nam
731 743 783 824 qui
806 743 903 804 rivom
922 761 994 806 eom
1012 752 1059 826 tp·

131 856 258 908 rannum
270 840 445 916 vocitarent,
457 838 596 900 eumdem
611 838 801 901 liberatorem
816 839 943 921 patriae,
959 848 1061 921 tyran·

131 936 223 1017 nique
237 936 423 1016 expulsorem
436 934 658 1017 praedicabant.
678 932 728 998 Sic
740 935 839 998 subito
854 935 1059 1001 misericordia

133 1032 201 1094 odio
220 1039 416 1109 successerat,
436 1040 469 1093 ut
482 1049 550 1093 eum
566 1050 620 1092 sno
638 1031 795 1110 sanguine,
812 1032 846 1094 ‘si
869 1042 1004 1114 possent,
1023 1033 1061 1097 ah

131 1129 298 1192 Acheronte
316 1129 364 1211 (l)
383 1141 526 1210 cuperent
548 1128 707 1204 redimere.
723 1128 827 1209 Itaque
850 1127 884 1191 in
905 1129 998 1208 urbe,
1013 1148 1061 1193 ce·
1081 1139 1087 1213 ᾗ

130 1225 291 1290 leberrimo
309 1226 376 1289 loco
392 1227 499 1302 elatus,
519 1224 638 1308 publice
653 1225 701 1306 (ἢ)
719 1224 848 1307 sepulcri
861 1235 1058 1291 monumento

133 1323 261 1388 donatus
279 1332 335 1388 est.
356 1323 448 1405 ‘Diem
475 1323 550 1386 obiit
574 1321 692 1385 circiter
720 1340 815 1385 annos
836 1323 1054 1404 quinquaginta

130 1422 264 1503 quinque
278 1430 379 1497 natus,
395 1429 533 1503 quartum
546 1428 614 1502 post
625 1437 737 1481 annum
750 1437 839 1501 qnam
855 1436 892 1483 ex
908 1418 1055 1504 Pelopon·

129 1536 203 1580 neso
222 1518 254 1580 in
269 1515 401 1581 Siciliam
417 1516 559 1580 redierat.

558 1825 618 1894 XI.

435 2032 744 2146 rrnrcnnms.

165 2366 190 2430 1.
221 2367 400 2451 Iphicrates,
432 2367 643 2446 atheniensis,
676 2386 737 2430 non
763 2376 823 2430 tam
848 2363 1062 2444 magnitudino·

124 2474 412 2543 rerumgestarum,
439 2468 529 2545 quani
554 2463 712 2546 disciplina
730 2462 854 2525 militari
876 2461 1054 2537 nobilitatus¹

125 2569 171 2622 est
189 2561 249 2642 (3).
266 2561 334 2625 Fuit
352 2561 432 2624 enim
452 2561 519 2622 talis
530 2560 602 2638 dux,
620 2569 654 2623 ut
671 2579 732 2626 uon
746 2560 841 2623 solum
860 2560 967 2622 aetatis
979 2577 1054 2635 suae

126 2676 194 2721 oum
214 2658 319 2740 primis
346 2646 585 2740 compararetur,
611 2657 663 2721 sed
680 2676 719 2720 ne
736 2657 773 2724 de
794 2655 959 2720 maiorihus
978 2665 1063 2721 netu*

125 2756 248 2840 quidem
268 2754 426 2838 qnisquam
441 2763 684 2836 anteponeretur.
700 2753 822 2817 Multum
838 2772 907 2817 vero
922 2751 954 2814 in
967 2751 1052 2815 hello

124 2864 170 2917 est
186 2861 330 2930 versatus,
351 2870 440 2934 saepe
451 2851 628 2915 exercitibus
641 2851 781 2933 praefuit,
797 2848 1052 2931 nusquamoulpa

9 2985 12 2989 ⁴
124 2970 178 3015 sua
195 2950 273 3015 malo
289 2968 352 3014 rem
370 2948 473 3029 gessit,
492 2966 611 3030 semper
628 2948 752 3011 oonsilio
768 2947 850 3024 vicit,
873 2946 1052 3028 tantumque

152 3159 183 3220 (l)
199 3161 308 3208 Flumlne
323 3159 420 3220 hrernl,
442 3157 507 3217 quod
522 3157 562 3204 hio
579 3157 689 3203 translate
711 3156 737 3201 et
757 3152 848 3212 politice
869 3158 915 3208 pro
929 3149 1006 3194 morlo
1022 3158 1050 3194 n·

122 3228 294 3353 ωἷξῗιξίιιίοιι
307 3295 411 3354 impensa
424 3294 535 3353 sepulcro
550 3293 628 3340 tlletue
642 3294 685 3349 est,
701 3290 726 3335 ln
742 3288 795 3334 loco
811 3283 879 3332 turbe
892 3270 1033 3340 eequcnu'

152 3364 184 3423 lh)
200 3364 277 3421 Quum
289 3363 390 3408 obscuro
404 3362 458 3408 looo
478 3363 546 3407 nctus
563 3362 631 3406 osset
646 3356 743 3405 Narrant
758 3353 803 3400 heo
821 3355 845 3398 ln
861 3348 1049 3411 reerprohronll

121 3432 215 3478 ouldanr
227 3431 278 3477 elus
288 3429 402 3477 humllenr
416 3431 495 3476 locum
510 3427 667 3487 respondisse:
682 3435 747 3472 mum
757 3421 902 3469 nohllltatem
915 3428 997 3465 mcum
1009 3428 1049 3462 ot·

122 3502 176 3560 mm,
191 3498 253 3546 llllus
267 3498 379 3544 tntcrmso
391 3508 445 3544 cunr
458 3497 507 3543 lllo.
