2452 3938
534 224 683 269 naumann
1008 208 1067 270 tte

146 317 204 379 nisi
222 316 323 394 domi,
343 315 449 380 civium
468 335 590 378 suorum
612 314 740 391 invidia,
773 315 943 378 debilitatus
972 325 1066 390 esset,

145 413 295 475 Romanos
321 415 470 476 videretur
492 430 633 493 superare
656 413 798 493 potuisse.
819 410 876 473 Sed
905 412 1066 472 multorum

146 510 320 574 obtrectatio
339 510 446 572 devicit
463 509 552 572 unius
567 510 717 571 virtutem.
738 507 791 570 Hic
810 518 907 570 autem
924 508 1002 568 velut
1017 507 1068 567 he·

144 607 269 670 reditate
293 607 431 668 relictum
460 606 560 668 odium
580 614 736 687 paternum
766 624 834 684 erga
857 604 1006 667 Romanos
1025 602 1068 664 sic

144 702 351 779 confirmavit,
371 712 404 764 ut
422 704 502 784 prius
521 702 669 778 animam,
700 721 787 782 quam
807 702 855 778 id,
876 699 1065 781 deposuerit3

145 801 197 881 qui
226 801 346 881 quidem
380 819 446 866 curn
476 801 570 881 patria
595 800 698 880 pulsus
728 807 824 876 esset,
848 809 877 859 ct
902 797 1065 857 alienarum

145 915 234 976 opum
253 897 409 974 indigeret,
424 914 586 977 numquam
600 895 745 957 destiterit
760 896 859 957 animo
875 894 985 956 bellare
999 909 1067 954 oum

144 989 299 1053 Romanis.

187 1086 223 1149 Il.
244 1087 329 1164 Nam,
354 1095 386 1149 ut
405 1088 538 1149 omittam
564 1087 734 1169 Philippum
761 1087 821 1168 (l),
842 1105 930 1167 quem
959 1083 1068 1153 absens
1159 1101 1161 1104 ·

145 1184 260 1245 hostem
280 1183 406 1245 reddidit
416 1182 571 1258 Romanis,
588 1185 721 1245 omnium
741 1183 786 1244 bis
808 1181 993 1264 temporibus
1011 1203 1068 1264 po-

144 1281 328 1343 tentissimus
337 1298 387 1342 rex
399 1280 560 1342 Antiochus
570 1281 616 1361 (i)
630 1281 696 1343 snit.
711 1279 796 1342 llunc
810 1287 893 1342 tauta
907 1279 1069 1359 cupiditate

89 1374 119 1439 0
144 1377 277 1439 incendit
298 1372 439 1453 belidum,
458 1386 492 1438 ut
510 1397 634 1458 usquea
652 1377 743 1440 rubro
762 1377 836 1439 mari
855 1376 902 1456 (3)
920 1394 1003 1437 arma
1019 1395 1070 1438 co·

146 1482 232 1535 natus
249 1472 287 1535 sit
304 1473 415 1535 inferre
432 1472 545 1535 ltaliae.
557 1473 602 1535 Ad
621 1492 709 1554 quem
729 1492 796 1535 cum
814 1472 903 1551 legati
921 1473 1069 1534 uenissent

147 1569 276 1647 romani,
297 1569 349 1649 qui
368 1569 404 1631 de
429 1569 493 1632 cius
510 1570 659 1632 voluntate
687 1570 886 1651 explorarent,
906 1568 1070 1650 darentque

149 1683 268 1746 operam
285 1665 417 1728 consiliis
435 1666 625 1728 clandestinis
640 1666 698 1746 (4),
712 1674 744 1728 ut
760 1665 957 1729 Hannibalem
974 1665 1004 1726 in
1020 1684 1069 1726 su-

146 1760 310 1842 spicionem
330 1763 391 1840 regi
417 1762 615 1838 adducerent,
636 1771 785 1843 tamquam
809 1762 846 1824 ab
868 1763 940 1844 ipsis
964 1780 1070 1823 corru-

146 1866 241 1939 ptum,
261 1859 319 1920 alia
331 1863 420 1939 atque
437 1867 524 1929 antea
542 1859 669 1937 sentire,
685 1877 783 1940 nequa
800 1858 831 1919 id
849 1859 959 1920 frustra
977 1858 1069 1919 secis-

146 1965 223 2032 sent;
243 1956 332 2037 idque
356 1956 503 2018 Hannibal
522 1958 727 2038 comperisset,
746 1974 838 2037 sequa
856 1955 893 2018 ab
915 1954 1068 2017 interiori-

147 2051 203 2113 bus
226 2053 358 2123 consiliis
376 2054 522 2131 segregari
546 2053 676 2115 vidisset:
694 2061 826 2134 tempore
844 2053 925 2128 dato,
946 2051 1018 2112 adiit
1028 2050 1069 2131 pd

147 2165 258 2225 regem,
275 2149 362 2229 eique
382 2168 448 2211 cum
469 2151 560 2211 multa
578 2150 614 2211 de
632 2150 689 2211 fide
706 2168 760 2211 sua
779 2158 808 2211 et
826 2149 894 2209 odio
912 2149 943 2209 in
961 2146 1069 2208 Roma-

148 2262 202 2305 nos
220 2254 492 2321 commemorasset,
513 2245 568 2306 hoc
588 2247 731 2309 adiunxit:
744 2247 845 2321 Pater,
865 2245 974 2326 inquit,
988 2262 1071 2306 mens

103 2378 107 2387 ·
147 2342 312 2418 Hamilcar,
330 2343 458 2421 puerulo
475 2360 532 2418 me,
554 2350 651 2422 utpote
669 2361 732 2404 non
749 2343 875 2422 amplias
894 2359 998 2404 novem
1012 2359 1070 2403 on-

147 2457 200 2501 nos
217 2446 298 2514 nato,
318 2439 351 2501 in
368 2439 544 2519 Hispaniam
560 2439 721 2521 imperator
736 2440 921 2521 proficiscens
940 2439 1071 2502 Cartba-

99 2610 104 2617 .
147 2534 228 2614 pina,
247 2536 312 2597 Ioni
325 2535 432 2614 optimo
449 2536 581 2597 monimo
598 2536 707 2598 bestias
727 2536 901 2599 immolavit.
921 2536 1001 2611 Qaroe
1022 2536 1071 2596 di·

147 2632 221 2694 m'na
247 2648 295 2692 res
320 2632 391 2692 dam
413 2633 643 2711 conficiebatur,
672 2633 814 2711 pnmsioit
831 2651 850 2697 a
865 2650 911 2696 me
933 2632 1073 2694 vellemne

147 2743 244 2789 secam
261 2728 296 2788 in
313 2735 409 2789 rastra
422 2728 579 2808 proticisci.
599 2729 634 2790 ld
650 2745 716 2790 cant
739 2730 861 2791 libenter
886 2729 1071 2806 accepissem,

149 2829 235 2899 olane
255 2824 291 2884 ab
309 2840 341 2884 eo
358 2831 456 2902 petere
473 2825 625 2904 coepissem
638 2840 676 2885 ne
693 2824 840 2887 dubitaret
857 2825 961 2885 docere
970 2845 984 2895 ,·
1008 2830 1072 2883 tom

149 2916 209 2979 ille:
231 2917 350 2993 faciam,
370 2919 479 2997 inpait,
498 2920 523 2981 si
541 2919 629 2980 iidem
650 2918 724 2979 mibi
743 2938 839 3000 quam..=
851 2918 963 2996 postulo
982 2917 1073 2979 dede·

150 3012 204 3074 ris.
224 3014 322 3077 Simal
341 3033 388 3076 mc
410 3015 449 3076 ad
476 3032 562 3078 aram
583 3015 727 3091 addaait,
754 3016 833 3095 apud
849 3031 937 3093 anam
954 3015 1073 3095 sacrifi-

182 3155 214 3212 (l)
231 3158 376 3203 Macedoniae
392 3170 468 3213 regem
480 3160 504 3203 et
515 3160 591 3204 Persei
601 3161 700 3217 patrem.

183 3221 213 3282 (2)
228 3222 270 3268 liic
282 3223 317 3268 est
333 3223 460 3270 Antiochus
474 3227 616 3281 cognomine
631 3226 735 3283 Magnus,
747 3226 825 3282 syriae
842 3237 888 3271 rex.

184 3290 219 3349 (5)
232 3291 300 3347 Quod
322 3292 430 3337 Arabiam
446 3292 474 3337 ad
491 3293 635 3338 orctdentem
651 3293 724 3352 alluit,
747 3296 838 3350 utque
833 3307 856 3338 m
876 3295 935 3339 duos
950 3291 1076 3337 diffindltur

154 3357 228 3415 ainus,
244 3359 448 3418 Ar·rbicnm(mor
463 3361 634 3415 deltaltdeeea)
649 3364 672 3407 ot
693 3328 807 3408 t‘drslcum
834 3361 914 3415 lontio
938 3361 1076 3416 aaronis).

183 3426 214 3473 lli
230 3424 318 3471 flabilis
334 3427 363 3472 du
379 3427 495 3473 industria
509 3439 560 3472 cum
576 3428 713 3475 Hannibale.
