2452 3938
212 242 253 306 68
499 272 502 278 ·
623 261 720 309 conon

213 361 415 434 compararet:
435 352 504 416 dato
525 353 887 434 adiutore-Pharnabazo,
912 356 1072 439 sicutipse
1090 358 1173 422 act-⁶⁴

212 450 321 512 luerat.
341 448 373 511 ld
399 458 431 510 ut
450 449 694 514 Lacedaemoniis
719 462 764 513 est
786 452 974 531 nunciatum,
997 473 1059 516 non
1079 455 1159 518 sine

213 565 285 608 cura
296 564 359 608 rem
372 546 628 624 administrarant,
648 550 727 630 quod
746 548 842 612 maius
857 550 969 612 bellum
983 550 1158 616 imminere
1209 604 1214 610 .

212 642 446 719 arbitrabantur,
474 661 563 723 qnam
581 645 607 705 si
625 663 694 707 curn
714 646 841 708 barbaro
859 648 956 709 solum
975 648 1156 713 contende-

174 813 176 817 ,
212 747 288 802 rent.
307 738 380 800 Nam
401 740 506 801 ducem
531 741 636 803 fortem
665 749 696 803 et
722 742 900 823 prudentem
924 743 1016 822 regiis
1035 745 1156 826 opibus

211 835 430 916 praefuturum,
450 855 484 897 ac
501 855 602 900 secum
623 837 847 917 dimicaturum,
871 838 1029 902 videbant:
1051 859 1152 922 quem

211 950 307 1012 neque
326 933 464 1009 consilio,
484 952 581 1014 neque
608 933 723 1012 copiis,
752 953 895 1015 superare
924 944 1059 1016 possent.
1081 936 1153 1002 Hac

210 1036 309 1090 mente
327 1048 466 1108 magnam
485 1030 666 1092 contrahunt
681 1031 820 1109 classcm3
837 1031 1082 1113 proficiscuntur,
1094 1033 1151 1097 Pi-

208 1125 316 1188 sandro
329 1126 415 1189 duce.
436 1125 496 1189 Hos
513 1126 615 1191 Conon
630 1128 708 1208 apud
728 1127 853 1192 Cnidum
873 1128 920 1210 (1)
938 1128 1063 1192 adortus
1080 1150 1148 1193 ma·

128 1245 151 1280 a.
161 1237 264 1302 sangae
277 1226 391 1306 proelio
404 1225 498 1304 fugat,
518 1226 626 1287 multas
639 1244 729 1288 naves
746 1225 837 1306 capit,
856 1226 1025 1307 complures
1041 1227 1146 1309 depri-

208 1322 272 1384 mit.
292 1320 357 1393 Qua
372 1323 573 1385 victoria-non
584 1323 681 1384 sotum
696 1321 844 1399 Athenae,
859 1321 911 1384 sed
926 1321 1017 1384 etiam
1032 1334 1143 1386 cuncta

205 1418 346 1496 Graecia,
366 1437 443 1498 quae
464 1418 520 1479 sub
538 1416 844 1480 Lacedaemoniorum
869 1419 974 1481 suerat
989 1419 1137 1500 imperio,

205 1516 329 1577 liberata
347 1529 402 1577 cst.
427 1514 529 1578 Conon
547 1533 616 1577 cum
633 1522 717 1595 parte
735 1514 855 1575 navium
878 1515 910 1576 in
928 1515 1056 1596 patriam
1084 1537 1137 1579 ve·

126 1613 259 1690 aasabim
280 1630 381 1674 muros
399 1611 513 1674 dirutos
540 1631 563 1674 a·
573 1610 734 1692 Lysandro,
757 1620 898 1692 utrosque
921 1620 953 1674 et
969 1611 1087 1676 Piraeei
1107 1624 1135 1676 et
1163 1670 1168 1679 .

202 1708 403 1786 Athenarum,
430 1709 606 1771 reficiendos
624 1717 725 1786 curat,
757 1710 961 1790 pecuniaeque
981 1710 1133 1791 quinqua·

201 1807 284 1886 ginta
302 1808 413 1870 talenta
436 1806 496 1888 (ᾖ),
520 1826 597 1888 quae
615 1826 632 1868 a
650 1805 842 1868 Pharnabazo
862 1817 1037 1887 acceperat,
1058 1808 1132 1870 ciri-

202 1905 258 1967 bus
270 1905 333 1966 suis
348 1905 451 1967 donat.
1011 1933 1014 1937 ·

241 2000 278 2065 V.
302 2001 416 2064 Accidit
433 2001 503 2064 huic
518 2001 598 2085 quod
618 2000 724 2064 ceteris
741 2000 928 2078 mortalibus,
944 2010 977 2063 ut
994 2001 1129 2066 inconsi-

200 2099 331 2163 deratior
352 2101 385 2162 in
412 2100 543 2163 secunda
568 2118 657 2181 qnam
685 2099 717 2161 in
743 2099 867 2161 adversa
894 2105 973 2161 esset
996 2100 1127 2164 fortuna.

197 2195 285 2275 Nam,
305 2198 399 2260 classe
420 2195 707 2278 Peloponnesiorum
733 2195 865 2271 devicta,
886 2213 954 2256 cum
973 2197 1070 2258 ultum
1097 2215 1129 2259 se

198 2294 325 2356 iniurias
344 2295 457 2375 patriae
475 2302 605 2375 putaret,
620 2294 704 2373 plura
719 2291 887 2373 concupivit
902 2310 993 2374 quam
1010 2294 1128 2357 efficere

198 2391 305 2472 potuit.
328 2390 430 2472 Neque
450 2401 549 2452 tamen
564 2409 599 2452 ea
621 2409 682 2452 non
704 2389 753 2471 pia
771 2398 800 2450 et
818 2388 971 2469 probanda
989 2389 1126 2468 fuerunt,

197 2488 277 2570 qnod
305 2489 404 2569 potins
431 2489 545 2568 patriae
570 2505 641 2568 opes
666 2486 766 2566 augeri
792 2505 881 2568 quem
905 2485 984 2564 regis
1007 2488 1125 2550 maluit:

196 2604 266 2647 nam
283 2604 351 2648 curn
366 2604 505 2663 magnam
525 2585 730 2646 anctoritatem
749 2584 806 2662 sibi
822 2603 921 2664 pugna
943 2585 996 2644 iha
1015 2584 1147 2662 navali,'

196 2701 286 2766 quam
305 2682 384 2764 apud
401 2681 527 2746 Cnidum
545 2683 674 2758 fecerat,
701 2681 913 2758 constituisset,
940 2700 999 2742 non
1027 2684 1125 2745 solum

194 2783 274 2844 inter
291 2779 445 2857 barbaros,
465 2780 516 2842 sed
537 2781 626 2843 etiam
640 2779 719 2841 inter
738 2795 842 2841 omnes
861 2778 1002 2843 Graeciae
1022 2779 1126 2843 civita·

121 2876 123 2880 ’
195 2883 252 2958 tes,
271 2879 347 2941 clam
366 2879 436 2940 dare
446 2897 564 2959 operam
584 2876 693 2957 coepit,
710 2884 742 2937 ut
753 2875 867 2940 Ioniam
883 2886 912 2939 et
925 2875 1060 2939 Aeoliam
1075 2877 1123 2959 (3)

194 2977 365 3040 restitueret
381 2974 625 3038 Atheniensibus.
645 2972 678 3035 Id
696 2993 764 3035 cum
781 2976 880 3036 minus
900 2973 1060 3052 diligenter
1077 2992 1124 3036 es·

223 3209 254 3267 tt)
269 3209 353 3256 Urbem
368 3211 449 3256 Cariae
464 3212 489 3257 tn
505 3211 558 3257 Asia
578 3211 681 3270 minore,
695 3211 719 3256 tn
733 3210 837 3256 extrema
858 3207 948 3267 Triopli
963 3207 1123 3266 promontorii

194 3281 356 3404 pbbep'nempa
370 3344 468 3404 anemo
481 3344 583 3405 [ramur.

223 3413 255 3470 (ὅ)
269 3413 334 3459 miae
348 3414 445 3460 minoris
460 3415 603 3474 provinciam
619 3415 643 3460 tn
658 3425 700 3460 ora
713 3412 782 3460 maris
799 3411 881 3470 Aegaei
896 3422 910 3455 o
929 3411 983 3459 sinu
1002 3410 1121 3458 Hermae

193 3483 223 3529 ad
237 3481 341 3541 Abydum
351 3483 377 3529 iu
392 3482 549 3542 Hellesponto.
