2452 3938
499 268 633 314 numnis
971 259 1030 322 lut

94 376 138 432 ut
151 364 264 441 noluit,
288 362 341 426 aed
357 371 392 427 ut
413 363 543 428 militum
569 367 600 429 it
625 362 749 448 cogebat
768 365 917 429 voluntas.
937 363 1030 428 llam·

98 481 163 544 nro
184 463 236 524 illa
257 460 387 543 phalanx
407 458 567 524 Alexandri
585 462 700 544 Magni,
721 482 797 546 quae
819 461 920 525 Asiam
940 459 1031 543 pera·

102 567 215 638 grant,
230 559 438 638 deviceratque
455 557 574 636 Persas,
591 560 754 624 inveterata
766 578 833 623 oum
847 558 952 638 gloria,
967 567 1029 621 tum

104 656 194 719 etiam
212 654 349 732 licentia,
374 672 434 716 non
452 672 557 734 parere
581 674 612 719 se
631 657 774 734 ducibus,
803 657 854 720 sed
882 657 1031 737 imperare

104 751 290 834 postulabam
307 760 340 812 ut
362 769 442 813 nunc
455 752 586 814 veterani
604 753 717 816 iaciunt
741 754 835 817 nostri
846 753 907 835 (l).
926 751 1031 835 ltaque

105 869 124 931 p
141 849 272 913 ciculum
282 855 344 925 est,
363 865 401 911 ne
418 839 529 910 saciant
545 849 624 930 quod
643 851 687 911 illi
705 851 841 913 lecerunt
854 840 908 914 sua
922 849 1032 912 intem·

105 945 240 1029 oermtia
260 944 414 1026 nimiaque
426 945 570 1023 boemia,
590 954 624 1008 ut
641 948 741 1009 omnia
760 947 908 1028 perdant,
933 965 1032 1030 neque
1100 991 1105 999 .

106 1043 204 1105 minue
220 1058 285 1119 ene,
304 1060 371 1103 cum
392 1040 501 1123 quibus
519 1043 668 1117 steterint,
690 1062 779 1124 quam
795 1042 935 1105 adversus
954 1062 1032 1125 quoe

106 1140 245 1204 iecerint-
257 1139 341 1212 Quod
355 1139 381 1200 si
395 1139 464 1220 quis
477 1139 596 1202 illorum
616 1149 826 1203 veteranorum
846 1141 923 1218 legat
940 1140 1030 1216 lacta,

105 1237 187 1318 paria
205 1237 314 1300 borum
337 1244 515 1315 cognoscat,
535 1255 713 1318 coquerem
733 1239 845 1313 ullam,
866 1238 923 1299 nisi
951 1247 1030 1300 tem-

104 1350 181 1413 pne,
199 1326 346 1397 inlereese
367 1332 488 1395 iudicet.
512 1329 571 1395 Sed
591 1333 629 1395 ad
648 1332 716 1396 illoe
739 1341 880 1396 revertar.
899 1331 1031 1396 Hiberna

105 1438 284 1508 sumserunt,
304 1449 365 1492 non
388 1431 424 1492 acl
443 1448 530 1491 usum
549 1431 638 1508 belli,
658 1431 710 1493 sed
734 1431 771 1493 ad
789 1431 921 1513 ipsorum
941 1431 1029 1493 luxu·

106 1527 201 1608 riam3
220 1528 368 1608 longeque
393 1526 472 1589 inter
485 1546 527 1590 ee
545 1528 756 1592 discesserant.
784 1527 846 1591 Hoc
866 1527 1032 1607 Antigonae

108 1641 173 1687 cnm
193 1625 406 1706 comperisset,
434 1625 669 1706 intelligeretque
691 1644 723 1688 se
750 1644 851 1707 parem
878 1643 1033 1688 nonense

107 1723 217 1808 parem
234 1721 432 1799 adversariis,
451 1723 573 1800 statuit,
606 1722 718 1804 aliquid
743 1722 800 1785 sibi
820 1724 937 1786 consilii
962 1725 1031 1786 nori

107 1840 169 1886 aare
201 1812 392 1903 cupiendum.
427 1818 508 1882 Duae
536 1829 621 1883 erant
642 1821 736 1897 viae,·
756 1839 815 1902 qua
834 1820 881 1901 (l)
910 1838 944 1883 ex
965 1818 1029 1882 lle·

108 1919 153 1983 <lie
169 1917 235 2001 (3),
262 1916 314 1979 nbi
342 1917 393 1980 ille
423 1916 594 1994 hiemabat,
614 1916 650 1978 ad
673 1916 907 1980 adversariorum
928 1915 1032 1978 biber·

107 1994 212 2079 nn'cula
229 2021 330 2097 poscet
353 2015 519 2096 perveniri:
542 2033 666 2096 quarum
692 2014 808 2077 brevior
821 2032 874 2095 per
891 2015 957 2076 loca
973 2012 1030 2075 de·

108 2121 203 2191 eorm,
226 2130 304 2196 quac
325 2102 423 2175 nemo¹
440 2112 599 2175 incolebat.
617 2118 739 2194 propter
761 2130 856 2193 aquae
881 2111 1028 2192 inopiam3

107 2218 235 2275 ceterum
264 2209 380 2273 dierum
414 2217 478 2272 erat
508 2210 572 2271 lere
597 2209 721 2271 decem:
749 2210 800 2270 illa
824 2216 943 2286 autem,
970 2227 1030 2289 qua

107 2325 208 2371 omues
231 2305 462 2383 commeabant,
494 2307 586 2369 altero
620 2315 702 2369 tanto
733 2304 899 2384 longiorem
933 2305 1030 2369 habe·

106 2401 153 2466 bat
169 2403 357 2482 anfractum,
383 2405 437 2467 set
460 2412 522 2466 erat
547 2403 689 2484 copiose,
715 2403 910 2486 omniumque
928 2422 1028 2466 rerum

106 2499 271 2564 abendune.
296 2501 357 2565 Hac
388 2502 413 2564 si
442 2501 691 2583 proficisceretur,
717 2501 926 2580 intelligebat,
947 2500 1037 2583 princ

106 2597 290 2663 numerarios
310 2601 472 2664 rescituros
491 2601 529 2664 de
546 2619 600 2663 suo
618 2599 764 2677 adventu,
780 2619 869 2683 quam
894 2600 958 2681 lpse
972 2608 1031 2662 ter·

105 2693 308 2776 llam-'partem
330 2697 509 2759 coniecisset
521 2696 657 2759 itineris:
673 2696 718 2758 ein
736 2715 788 2777 per
801 2699 866 2759 loca
885 2697 1032 2758 solacen-

107 2789 257 2869 ltncleret,
278 2793 419 2875 sperabat
436 2813 469 2857 ee
493 2793 712 2875 imprudentem
732 2795 847 2856 bostem
866 2809 1030 2873 oppreeeu·

102 2895 181 2952 nna.
203 2889 249 2952 Ad
267 2889 345 2953 bene
363 2906 426 2953 rem
448 2891 665 2954 conficiendam
677 2889 834 2970 imperarit
851 2908 942 2971 quain
957 2890 1029 2970 plu·

63 2991 76 3001 '
100 2976 196 3049 m‘tnos
217 2996 298 3051 utres
316 2999 405 3070 atque
424 2988 514 3050 etiam
537 2988 651 3050 culleos
667 2986 853 3072 comparari3
870 2986 1031 3068 posthaec

112 3250 121 3259 ·
140 3223 167 3278 tlt
182 3223 228 3282 Qut
240 3236 289 3272 non
305 3226 351 3272 lam
365 3228 458 3274 senatui
473 3229 497 3275 et
509 3229 596 3288 pentae
612 3225 745 3273 auctoritati
764 3224 973 3287 obtemperarent,
989 3229 1032 3277 soe

111 3289 145 3349 με
156 3291 179 3336 et
191 3290 253 3350 legen
267 3293 291 3338 tn
306 3305 361 3340 ense
376 3293 437 3342 ieme
448 3295 557 3342 solerent.

110 3374 125 3420 ς
148 3355 177 3414 (2)
191 3357 363 3416 incuntanter,
373 3373 417 3422 pro
430 3375 460 3409 eo
472 3362 538 3421 quod
548 3362 608 3408 eesel
622 3362 713 3421 quibua.

10 3438 73 3854 χ
114 3420 242 3533 Cu(glutiant
255 3439 284 3475 ex
297 3427 382 3490 bledla,
398 3430 527 3490 superioris
547 3429 770 3492 earcongotam
791 3428 938 3478 meridionalt
962 3438 1034 3482 marte
