<?xml version="1.0" encoding="UTF-8"?>
<!DOCTYPE html PUBLIC "-//W3C//DTD XHTML 1.0 Transitional//EN"
    "http://www.w3.org/TR/xhtml1/DTD/xhtml1-transitional.dtd">
<html xmlns="http://www.w3.org/1999/xhtml" xml:lang="en" lang="en">
 <head>
  <title>
</title>
<meta http-equiv="Content-Type" content="text/html;charset=utf-8" />
  <meta name='ocr-system' content='tesseract 3.04.00' />
  <meta name='ocr-capabilities' content='ocr_page ocr_carea ocr_par ocr_line ocrx_word'/>
</head>
<body>
  <div class='ocr_page' id='page_1' title='image "./corneliinepotis18nepogoog_0040.png"; bbox 0 0 2452 3938; ppageno 0'>
   <div class='ocr_carea' id='block_1_1' title="bbox 510 244 1050 308">
    <p class='ocr_par' dir='ltr' id='par_1_1' title="bbox 510 244 1050 308">
     <span class='ocr_line' id='line_1_1' title="bbox 510 244 1050 308; baseline -0.004 -2"><span class='ocrx_word' id='word_1_1' title='bbox 510 261 663 306; x_wconf 79' lang='lat' dir='ltr'>mrsrmus</span> <span class='ocrx_word' id='word_1_2' title='bbox 1010 244 1050 308; x_wconf 83' lang='lat'>35</span> 
     </span>
    </p>
   </div>
   <div class='ocr_carea' id='block_1_2' title="bbox 121 351 1145 2765">
    <p class='ocr_par' dir='ltr' id='par_1_2' title="bbox 121 351 1051 540">
     <span class='ocr_line' id='line_1_2' title="bbox 121 351 1051 437; baseline -0.006 -15"><span class='ocrx_word' id='word_1_3' title='bbox 121 364 224 422; x_wconf 86' lang='lat' dir='ltr'>eutem</span> <span class='ocrx_word' id='word_1_4' title='bbox 253 373 369 437; x_wconf 80' lang='lat' dir='ltr'>pugnae</span> <span class='ocrx_word' id='word_1_5' title='bbox 398 354 495 416; x_wconf 88' lang='lat' dir='ltr'>navali</span> <span class='ocrx_word' id='word_1_6' title='bbox 525 354 604 436; x_wconf 90' lang='lat' dir='ltr'>apud</span> <span class='ocrx_word' id='word_1_7' title='bbox 630 351 797 432; x_wconf 82' lang='lat' dir='ltr'>Salamina,</span> <span class='ocrx_word' id='word_1_8' title='bbox 817 372 893 435; x_wconf 89' lang='lat' dir='ltr'>quae</span> <span class='ocrx_word' id='word_1_9' title='bbox 911 353 989 415; x_wconf 88' lang='lat' dir='ltr'>iacta</span> <span class='ocrx_word' id='word_1_10' title='bbox 1005 363 1051 416; x_wconf 97' lang='grc' dir='ltr'>εει</span> 
     </span>
     <span class='ocr_line' id='line_1_3' title="bbox 122 452 618 540; baseline -0.008 -22"><span class='ocrx_word' id='word_1_11' title='bbox 122 457 299 540; x_wconf 92' lang='lat' dir='ltr'>priusquam</span> <span class='ocrx_word' id='word_1_12' title='bbox 319 470 415 534; x_wconf 89' lang='lat' dir='ltr'>poena</span> <span class='ocrx_word' id='word_1_13' title='bbox 428 452 618 514; x_wconf 75' lang='lat' dir='ltr'>liberaretur.</span> 
     </span>
    </p>

    <p class='ocr_par' dir='ltr' id='par_1_3' title="bbox 124 547 1130 2068">
     <span class='ocr_line' id='line_1_4' title="bbox 167 547 1050 631; baseline -0.006 -16"><span class='ocrx_word' id='word_1_14' title='bbox 167 552 205 615; x_wconf 91' lang='lat'>11.</span> <span class='ocrx_word' id='word_1_15' title='bbox 217 551 300 614; x_wconf 91' lang='lat' dir='ltr'>Idem</span> <span class='ocrx_word' id='word_1_16' title='bbox 313 558 431 631; x_wconf 91' lang='lat' dir='ltr'>praetor</span> <span class='ocrx_word' id='word_1_17' title='bbox 446 550 502 611; x_wconf 89' lang='lat' dir='ltr'>luit</span> <span class='ocrx_word' id='word_1_18' title='bbox 518 551 743 614; x_wconf 81' lang='lat' dir='ltr'><strong>Atheniensium</strong></span> <span class='ocrx_word' id='word_1_19' title='bbox 762 548 841 630; x_wconf 88' lang='lat' dir='ltr'>apud</span> <span class='ocrx_word' id='word_1_20' title='bbox 856 547 1002 625; x_wconf 84' lang='lat' dir='ltr'>Plataeas,</span> <span class='ocrx_word' id='word_1_21' title='bbox 1019 547 1050 610; x_wconf 92' lang='lat' dir='ltr'>in</span> 
     </span>
     <span class='ocr_line' id='line_1_5' title="bbox 124 645 1129 734; baseline -0.006 -23"><span class='ocrx_word' id='word_1_22' title='bbox 124 649 253 734; x_wconf 92' lang='lat' dir='ltr'>proelio,</span> <span class='ocrx_word' id='word_1_23' title='bbox 273 666 332 728; x_wconf 93' lang='lat' dir='ltr'>quo</span> <span class='ocrx_word' id='word_1_24' title='bbox 354 645 523 708; x_wconf 83' lang='lat' dir='ltr'>Mardonius</span> <span class='ocrx_word' id='word_1_25' title='bbox 541 647 643 723; x_wconf 87' lang='lat' dir='ltr'>susus,</span> <span class='ocrx_word' id='word_1_26' title='bbox 662 647 917 726; x_wconf 89' lang='lat' dir='ltr'>barbarorumque</span> <span class='ocrx_word' id='word_1_27' title='bbox 936 645 1078 727; x_wconf 29' lang='lat' dir='ltr'>exeret-,¹</span> <span class='ocrx_word' id='word_1_28' title='bbox 1090 682 1129 729; x_wconf 63' lang='lat'>„9</span> 
     </span>
     <span class='ocr_line' id='line_1_6' title="bbox 124 742 1049 825; baseline -0.008 -15"><span class='ocrx_word' id='word_1_29' title='bbox 124 757 175 810; x_wconf 88' lang='lat' dir='ltr'>tus</span> <span class='ocrx_word' id='word_1_30' title='bbox 193 745 366 807; x_wconf 87' lang='lat' dir='ltr'>interiectus</span> <span class='ocrx_word' id='word_1_31' title='bbox 394 751 439 805; x_wconf 90' lang='lat' dir='ltr'>est</span> <span class='ocrx_word' id='word_1_32' title='bbox 456 743 515 824; x_wconf 92' lang='lat' dir='ltr'>(l).</span> <span class='ocrx_word' id='word_1_33' title='bbox 535 742 637 825; x_wconf 83' lang='lat' dir='ltr'>Neque</span> <span class='ocrx_word' id='word_1_34' title='bbox 661 744 742 806; x_wconf 90' lang='lat' dir='ltr'>aliud</span> <span class='ocrx_word' id='word_1_35' title='bbox 762 752 807 805; x_wconf 90' lang='lat' dir='ltr'>est</span> <span class='ocrx_word' id='word_1_36' title='bbox 835 744 928 805; x_wconf 93' lang='lat' dir='ltr'>ullum</span> <span class='ocrx_word' id='word_1_37' title='bbox 948 742 1049 818; x_wconf 92' lang='lat' dir='ltr'>huius,</span> 
     </span>
     <span class='ocr_line' id='line_1_7' title="bbox 124 837 1053 923; baseline -0.008 -17"><span class='ocrx_word' id='word_1_38' title='bbox 124 845 159 906; x_wconf 92' lang='lat' dir='ltr'>in</span> <span class='ocrx_word' id='word_1_39' title='bbox 176 861 209 905; x_wconf 90' lang='lat' dir='ltr'>re</span> <span class='ocrx_word' id='word_1_40' title='bbox 226 839 360 916; x_wconf 90' lang='lat' dir='ltr'>militari,</span> <span class='ocrx_word' id='word_1_41' title='bbox 379 840 494 901; x_wconf 90' lang='lat' dir='ltr'>illustre</span> <span class='ocrx_word' id='word_1_42' title='bbox 511 839 633 918; x_wconf 87' lang='lat' dir='ltr'>iactum,</span> <span class='ocrx_word' id='word_1_43' title='bbox 650 859 740 923; x_wconf 91' lang='lat' dir='ltr'>quam</span> <span class='ocrx_word' id='word_1_44' title='bbox 754 840 842 903; x_wconf 90' lang='lat' dir='ltr'>huius</span> <span class='ocrx_word' id='word_1_45' title='bbox 859 837 978 920; x_wconf 85' lang='lat' dir='ltr'>imperii</span> <span class='ocrx_word' id='word_1_46' title='bbox 990 857 1053 900; x_wconf 87' lang='lat' dir='ltr'>rne-</span> 
     </span>
     <span class='ocr_line' id='line_1_8' title="bbox 125 936 1049 1018; baseline -0.005 -16"><span class='ocrx_word' id='word_1_47' title='bbox 125 938 242 1003; x_wconf 88' lang='lat' dir='ltr'>moria:</span> <span class='ocrx_word' id='word_1_48' title='bbox 271 936 403 998; x_wconf 88' lang='lat' dir='ltr'>iustitiae</span> <span class='ocrx_word' id='word_1_49' title='bbox 421 954 511 1013; x_wconf 87' lang='lat' dir='ltr'>vero,</span> <span class='ocrx_word' id='word_1_50' title='bbox 543 946 572 998; x_wconf 89' lang='lat' dir='ltr'>et</span> <span class='ocrx_word' id='word_1_51' title='bbox 598 937 773 1018; x_wconf 89' lang='lat' dir='ltr'>aequitatis,</span> <span class='ocrx_word' id='word_1_52' title='bbox 797 946 827 998; x_wconf 92' lang='lat' dir='ltr'>et</span> <span class='ocrx_word' id='word_1_53' title='bbox 843 936 1049 1013; x_wconf 85' lang='lat' dir='ltr'>innocentiae,</span> 
     </span>
     <span class='ocr_line' id='line_1_9' title="bbox 126 1031 1052 1114; baseline -0.008 -15"><span class='ocrx_word' id='word_1_54' title='bbox 126 1035 233 1112; x_wconf 84' lang='lat' dir='ltr'>multa3</span> <span class='ocrx_word' id='word_1_55' title='bbox 246 1034 278 1094; x_wconf 93' lang='lat' dir='ltr'>in</span> <span class='ocrx_word' id='word_1_56' title='bbox 290 1032 407 1114; x_wconf 91' lang='lat' dir='ltr'>primis,</span> <span class='ocrx_word' id='word_1_57' title='bbox 420 1031 500 1114; x_wconf 86' lang='lat' dir='ltr'>quod</span> <span class='ocrx_word' id='word_1_58' title='bbox 512 1032 576 1094; x_wconf 91' lang='lat' dir='ltr'>eius</span> <span class='ocrx_word' id='word_1_59' title='bbox 586 1032 736 1113; x_wconf 89' lang='lat' dir='ltr'>aequitate</span> <span class='ocrx_word' id='word_1_60' title='bbox 748 1032 858 1094; x_wconf 88' lang='lat' dir='ltr'>iactum</span> <span class='ocrx_word' id='word_1_61' title='bbox 871 1041 928 1108; x_wconf 92' lang='lat' dir='ltr'>est,</span> <span class='ocrx_word' id='word_1_62' title='bbox 941 1050 1008 1093; x_wconf 82' lang='lat' dir='ltr'>cum</span> <span class='ocrx_word' id='word_1_63' title='bbox 1020 1032 1052 1093; x_wconf 92' lang='lat' dir='ltr'>in</span> 
     </span>
     <span class='ocr_line' id='line_1_10' title="bbox 127 1127 1051 1210; baseline -0.008 -14"><span class='ocrx_word' id='word_1_64' title='bbox 127 1130 280 1196; x_wconf 91' lang='lat' dir='ltr'>communi</span> <span class='ocrx_word' id='word_1_65' title='bbox 292 1131 386 1192; x_wconf 90' lang='lat' dir='ltr'>classe</span> <span class='ocrx_word' id='word_1_66' title='bbox 404 1138 483 1192; x_wconf 89' lang='lat' dir='ltr'>esset</span> <span class='ocrx_word' id='word_1_67' title='bbox 495 1127 634 1192; x_wconf 82' lang='lat' dir='ltr'>Graeciae</span> <span class='ocrx_word' id='word_1_68' title='bbox 645 1130 734 1191; x_wconf 93' lang='lat' dir='ltr'>simul</span> <span class='ocrx_word' id='word_1_69' title='bbox 751 1149 817 1190; x_wconf 92' lang='lat' dir='ltr'>cum</span> <span class='ocrx_word' id='word_1_70' title='bbox 830 1129 977 1191; x_wconf 88' lang='lat' dir='ltr'>Pausania</span> <span class='ocrx_word' id='word_1_71' title='bbox 990 1129 1051 1210; x_wconf 71' lang='lat' dir='ltr'>(l),</span> 
     </span>
     <span class='ocr_line' id='line_1_11' title="bbox 128 1224 1053 1311; baseline -0.005 -19"><span class='ocrx_word' id='word_1_72' title='bbox 128 1248 188 1311; x_wconf 94' lang='lat' dir='ltr'>quo</span> <span class='ocrx_word' id='word_1_73' title='bbox 207 1227 284 1290; x_wconf 91' lang='lat' dir='ltr'>duce</span> <span class='ocrx_word' id='word_1_74' title='bbox 300 1224 470 1288; x_wconf 84' lang='lat' dir='ltr'>Mardonius</span> <span class='ocrx_word' id='word_1_75' title='bbox 496 1235 560 1287; x_wconf 89' lang='lat' dir='ltr'>erat</span> <span class='ocrx_word' id='word_1_76' title='bbox 589 1226 718 1305; x_wconf 83' lang='lat' dir='ltr'>fugatus,</span> <span class='ocrx_word' id='word_1_77' title='bbox 747 1234 781 1287; x_wconf 90' lang='lat' dir='ltr'>ut</span> <span class='ocrx_word' id='word_1_78' title='bbox 799 1244 916 1287; x_wconf 90' lang='lat' dir='ltr'>summa</span> <span class='ocrx_word' id='word_1_79' title='bbox 934 1227 1053 1305; x_wconf 89' lang='lat' dir='ltr'>imperii</span> 
     </span>
     <span class='ocr_line' id='line_1_12' title="bbox 127 1321 1130 1394; baseline -0.006 -7"><span class='ocrx_word' id='word_1_80' title='bbox 127 1325 271 1388; x_wconf 90' lang='lat' dir='ltr'>maritimi</span> <span class='ocrx_word' id='word_1_81' title='bbox 291 1343 308 1385; x_wconf 90' lang='lat' dir='ltr'>a</span> <span class='ocrx_word' id='word_1_82' title='bbox 324 1322 569 1385; x_wconf 88' lang='lat' dir='ltr'>Lacedaemoniis</span> <span class='ocrx_word' id='word_1_83' title='bbox 597 1322 805 1385; x_wconf 77' lang='lat' dir='ltr'>transferretur</span> <span class='ocrx_word' id='word_1_84' title='bbox 831 1323 867 1384; x_wconf 91' lang='lat' dir='ltr'>ad</span> <span class='ocrx_word' id='word_1_85' title='bbox 885 1321 1073 1392; x_wconf 56' lang='lat' dir='ltr'>Athenien-2¹</span> <span class='ocrx_word' id='word_1_86' title='bbox 1092 1349 1130 1394; x_wconf 68' lang='lat'>477</span> 
     </span>
     <span class='ocr_line' id='line_1_13' title="bbox 128 1418 1053 1503; baseline -0.004 -18"><span class='ocrx_word' id='word_1_87' title='bbox 128 1441 188 1486; x_wconf 89' lang='lat' dir='ltr'>ses.</span> <span class='ocrx_word' id='word_1_88' title='bbox 205 1420 339 1501; x_wconf 89' lang='lat' dir='ltr'>Namque</span> <span class='ocrx_word' id='word_1_89' title='bbox 364 1429 432 1482; x_wconf 90' lang='lat' dir='ltr'>ante</span> <span class='ocrx_word' id='word_1_90' title='bbox 454 1421 485 1482; x_wconf 93' lang='lat' dir='ltr'>id</span> <span class='ocrx_word' id='word_1_91' title='bbox 509 1429 639 1503; x_wconf 91' lang='lat' dir='ltr'>tempus,</span> <span class='ocrx_word' id='word_1_92' title='bbox 662 1430 691 1483; x_wconf 89' lang='grc' dir='ltr'>ει</span> <span class='ocrx_word' id='word_1_93' title='bbox 714 1419 788 1482; x_wconf 91' lang='lat' dir='ltr'>mari</span> <span class='ocrx_word' id='word_1_94' title='bbox 812 1428 842 1482; x_wconf 91' lang='lat' dir='ltr'>et</span> <span class='ocrx_word' id='word_1_95' title='bbox 867 1429 942 1482; x_wconf 84' lang='lat' dir='ltr'>terra</span> <span class='ocrx_word' id='word_1_96' title='bbox 962 1418 1053 1481; x_wconf 87' lang='lat' dir='ltr'>duces</span> 
     </span>
     <span class='ocr_line' id='line_1_14' title="bbox 129 1515 1052 1599; baseline -0.004 -16"><span class='ocrx_word' id='word_1_97' title='bbox 129 1529 213 1583; x_wconf 89' lang='lat' dir='ltr'>eraut</span> <span class='ocrx_word' id='word_1_98' title='bbox 226 1517 466 1580; x_wconf 75' lang='lat' dir='ltr'>lacedaemonii:</span> <span class='ocrx_word' id='word_1_99' title='bbox 488 1527 550 1581; x_wconf 90' lang='lat' dir='ltr'>tum</span> <span class='ocrx_word' id='word_1_100' title='bbox 562 1528 660 1580; x_wconf 89' lang='lat' dir='ltr'>autem</span> <span class='ocrx_word' id='word_1_101' title='bbox 677 1526 707 1580; x_wconf 92' lang='lat' dir='ltr'>et</span> <span class='ocrx_word' id='word_1_102' title='bbox 724 1516 953 1599; x_wconf 86' lang='lat' dir='ltr'>intemperantia</span> <span class='ocrx_word' id='word_1_103' title='bbox 972 1515 1052 1579; x_wconf 88' lang='lat' dir='ltr'>Pau·</span> 
     </span>
     <span class='ocr_line' id='line_1_15' title="bbox 128 1612 1054 1699; baseline -0.006 -19"><span class='ocrx_word' id='word_1_104' title='bbox 128 1617 230 1699; x_wconf 78' lang='lat' dir='ltr'>saniqe</span> <span class='ocrx_word' id='word_1_105' title='bbox 248 1624 278 1677; x_wconf 92' lang='lat' dir='ltr'>et</span> <span class='ocrx_word' id='word_1_106' title='bbox 286 1614 399 1676; x_wconf 89' lang='lat' dir='ltr'>institia</span> <span class='ocrx_word' id='word_1_107' title='bbox 416 1615 527 1677; x_wconf 85' lang='lat' dir='ltr'>iactum</span> <span class='ocrx_word' id='word_1_108' title='bbox 542 1625 587 1678; x_wconf 91' lang='lat' dir='ltr'>est</span> <span class='ocrx_word' id='word_1_109' title='bbox 599 1615 748 1692; x_wconf 82' lang='lat' dir='ltr'>Aristidis,</span> <span class='ocrx_word' id='word_1_110' title='bbox 768 1625 801 1678; x_wconf 92' lang='lat' dir='ltr'>ut</span> <span class='ocrx_word' id='word_1_111' title='bbox 819 1634 922 1678; x_wconf 88' lang='lat' dir='ltr'>omnes</span> <span class='ocrx_word' id='word_1_112' title='bbox 940 1615 1002 1676; x_wconf 85' lang='lat' dir='ltr'>iere</span> <span class='ocrx_word' id='word_1_113' title='bbox 1015 1612 1054 1675; x_wconf 90' lang='lat' dir='ltr'>oi·</span> 
     </span>
     <span class='ocr_line' id='line_1_16' title="bbox 127 1711 1054 1794; baseline -0.001 -18"><span class='ocrx_word' id='word_1_114' title='bbox 127 1715 235 1776; x_wconf 80' lang='lat' dir='ltr'>vitales</span> <span class='ocrx_word' id='word_1_115' title='bbox 251 1711 391 1777; x_wconf 86' lang='lat' dir='ltr'>Graeciae</span> <span class='ocrx_word' id='word_1_116' title='bbox 406 1712 441 1775; x_wconf 92' lang='lat' dir='ltr'>ad</span> <span class='ocrx_word' id='word_1_117' title='bbox 451 1711 676 1775; x_wconf 80' lang='lat' dir='ltr'>Atheniensium</span> <span class='ocrx_word' id='word_1_118' title='bbox 694 1712 866 1775; x_wconf 84' lang='lat' dir='ltr'>societatem</span> <span class='ocrx_word' id='word_1_119' title='bbox 877 1732 909 1777; x_wconf 91' lang='lat' dir='ltr'>se</span> <span class='ocrx_word' id='word_1_120' title='bbox 923 1713 1054 1794; x_wconf 89' lang='lat' dir='ltr'>applica·</span> 
     </span>
     <span class='ocr_line' id='line_1_17' title="bbox 127 1808 1051 1892; baseline 0 -18"><span class='ocrx_word' id='word_1_121' title='bbox 127 1820 207 1889; x_wconf 92' lang='lat' dir='ltr'>rent,</span> <span class='ocrx_word' id='word_1_122' title='bbox 227 1808 414 1872; x_wconf 88' lang='lat' dir='ltr'>etadversus</span> <span class='ocrx_word' id='word_1_123' title='bbox 440 1809 582 1872; x_wconf 89' lang='lat' dir='ltr'>barbaros</span> <span class='ocrx_word' id='word_1_124' title='bbox 607 1809 660 1873; x_wconf 94' lang='lat' dir='ltr'>hos</span> <span class='ocrx_word' id='word_1_125' title='bbox 685 1810 776 1873; x_wconf 93' lang='lat' dir='ltr'>duces</span> <span class='ocrx_word' id='word_1_126' title='bbox 794 1811 958 1890; x_wconf 85' lang='lat' dir='ltr'>deligerent</span> <span class='ocrx_word' id='word_1_127' title='bbox 981 1812 1051 1892; x_wconf 89' lang='lat' dir='ltr'>sihi,</span> 
     </span>
     <span class='ocr_line' id='line_1_18' title="bbox 128 1907 1055 1990; baseline 0.003 -20"><span class='ocrx_word' id='word_1_128' title='bbox 128 1929 189 1990; x_wconf 93' lang='lat' dir='ltr'>quo</span> <span class='ocrx_word' id='word_1_129' title='bbox 206 1907 324 1971; x_wconf 82' lang='lat' dir='ltr'>iacilius</span> <span class='ocrx_word' id='word_1_130' title='bbox 340 1907 529 1988; x_wconf 89' lang='lat' dir='ltr'>repellerent,</span> <span class='ocrx_word' id='word_1_131' title='bbox 548 1907 574 1970; x_wconf 91' lang='lat' dir='ltr'>si</span> <span class='ocrx_word' id='word_1_132' title='bbox 588 1907 664 1969; x_wconf 84' lang='lat' dir='ltr'>sorte</span> <span class='ocrx_word' id='word_1_133' title='bbox 682 1908 794 1971; x_wconf 90' lang='lat' dir='ltr'>bellum</span> <span class='ocrx_word' id='word_1_134' title='bbox 808 1926 952 1972; x_wconf 86' lang='lat' dir='ltr'>renovare</span> <span class='ocrx_word' id='word_1_135' title='bbox 967 1929 1055 1973; x_wconf 91' lang='lat' dir='ltr'>cooa-</span> 
     </span>
     <span class='ocr_line' id='line_1_19' title="bbox 131 2015 246 2068; baseline -0.017 -1"><span class='ocrx_word' id='word_1_136' title='bbox 131 2015 246 2068; x_wconf 88' lang='lat' dir='ltr'>rentur.</span> 
     </span>
    </p>

    <p class='ocr_par' dir='ltr' id='par_1_4' title="bbox 129 2100 1145 2765">
     <span class='ocr_line' id='line_1_20' title="bbox 171 2100 1053 2183; baseline 0 -19"><span class='ocrx_word' id='word_1_137' title='bbox 171 2100 223 2164; x_wconf 89' lang='lat'><em>111.</em></span> <span class='ocrx_word' id='word_1_138' title='bbox 244 2101 288 2163; x_wconf 89' lang='lat' dir='ltr'>Ad</span> <span class='ocrx_word' id='word_1_139' title='bbox 307 2101 416 2163; x_wconf 90' lang='lat' dir='ltr'>classes</span> <span class='ocrx_word' id='word_1_140' title='bbox 434 2100 632 2162; x_wconf 87' lang='lat' dir='ltr'>aedificandas</span> <span class='ocrx_word' id='word_1_141' title='bbox 649 2101 857 2182; x_wconf 84' lang='lat' dir='ltr'>exercitusque</span> <span class='ocrx_word' id='word_1_142' title='bbox 874 2120 1053 2183; x_wconf 89' lang='lat' dir='ltr'>comparan-</span> 
     </span>
     <span class='ocr_line' id='line_1_21' title="bbox 129 2197 1054 2280; baseline -0.001 -17"><span class='ocrx_word' id='word_1_143' title='bbox 129 2199 195 2276; x_wconf 81' lang='lat' dir='ltr'>dos,</span> <span class='ocrx_word' id='word_1_144' title='bbox 215 2206 358 2280; x_wconf 92' lang='lat' dir='ltr'>quantum</span> <span class='ocrx_word' id='word_1_145' title='bbox 374 2198 518 2278; x_wconf 89' lang='lat' dir='ltr'>pecuniae</span> <span class='ocrx_word' id='word_1_146' title='bbox 533 2216 668 2278; x_wconf 89' lang='lat' dir='ltr'>quaeque</span> <span class='ocrx_word' id='word_1_147' title='bbox 686 2197 788 2260; x_wconf 83' lang='lat' dir='ltr'>ciuitas</span> <span class='ocrx_word' id='word_1_148' title='bbox 802 2198 896 2275; x_wconf 88' lang='lat' dir='ltr'>daret,</span> <span class='ocrx_word' id='word_1_149' title='bbox 909 2198 1054 2262; x_wconf 81' lang='lat' dir='ltr'>Aristides</span> 
     </span>
     <span class='ocr_line' id='line_1_22' title="bbox 130 2294 1055 2377; baseline -0.001 -18"><span class='ocrx_word' id='word_1_150' title='bbox 130 2295 264 2359; x_wconf 91' lang='lat' dir='ltr'>delectus</span> <span class='ocrx_word' id='word_1_151' title='bbox 275 2302 320 2357; x_wconf 91' lang='lat' dir='ltr'>est</span> <span class='ocrx_word' id='word_1_152' title='bbox 337 2295 388 2376; x_wconf 94' lang='lat' dir='ltr'>qui</span> <span class='ocrx_word' id='word_1_153' title='bbox 404 2296 607 2356; x_wconf 83' lang='lat' dir='ltr'>constitueret.</span> <span class='ocrx_word' id='word_1_154' title='bbox 624 2294 695 2356; x_wconf 81' lang='lat' dir='ltr'>liius</span> <span class='ocrx_word' id='word_1_155' title='bbox 710 2295 834 2358; x_wconf 90' lang='lat' dir='ltr'>arbitrio</span> <span class='ocrx_word' id='word_1_156' title='bbox 852 2295 1055 2377; x_wconf 83' lang='lat' dir='ltr'>quadringena</span> 
     </span>
     <span class='ocr_line' id='line_1_23' title="bbox 129 2391 1054 2476; baseline 0.001 -20"><span class='ocrx_word' id='word_1_157' title='bbox 129 2402 161 2456; x_wconf 87' lang='lat' dir='ltr'>et</span> <span class='ocrx_word' id='word_1_158' title='bbox 176 2406 323 2471; x_wconf 81' lang='lat' dir='ltr'>sexagena</span> <span class='ocrx_word' id='word_1_159' title='bbox 342 2392 450 2453; x_wconf 90' lang='lat' dir='ltr'>talenta</span> <span class='ocrx_word' id='word_1_160' title='bbox 475 2391 522 2473; x_wconf 90' lang='lat'>(3)</span> <span class='ocrx_word' id='word_1_161' title='bbox 539 2392 698 2472; x_wconf 90' lang='lat' dir='ltr'>quotannis</span> <span class='ocrx_word' id='word_1_162' title='bbox 716 2391 819 2456; x_wconf 86' lang='lat' dir='ltr'>Delum</span> <span class='ocrx_word' id='word_1_163' title='bbox 839 2394 886 2476; x_wconf 78' lang='lat' dir='ltr'>(d)</span> <span class='ocrx_word' id='word_1_164' title='bbox 903 2402 973 2456; x_wconf 89' lang='lat' dir='ltr'>sunt</span> <span class='ocrx_word' id='word_1_165' title='bbox 990 2396 1054 2458; x_wconf 91' lang='lat' dir='ltr'>col-</span> 
     </span>
     <span class='ocr_line' id='line_1_24' title="bbox 129 2488 1052 2575; baseline 0.005 -22"><span class='ocrx_word' id='word_1_166' title='bbox 129 2493 200 2554; x_wconf 89' lang='lat' dir='ltr'>lata.</span> <span class='ocrx_word' id='word_1_167' title='bbox 220 2488 255 2551; x_wconf 92' lang='lat' dir='ltr'>ld</span> <span class='ocrx_word' id='word_1_168' title='bbox 281 2490 361 2551; x_wconf 90' lang='lat' dir='ltr'>enim</span> <span class='ocrx_word' id='word_1_169' title='bbox 388 2507 546 2551; x_wconf 88' lang='lat' dir='ltr'>cornmune</span> <span class='ocrx_word' id='word_1_170' title='bbox 565 2490 712 2553; x_wconf 89' lang='lat' dir='ltr'>aerarium</span> <span class='ocrx_word' id='word_1_171' title='bbox 731 2509 796 2554; x_wconf 89' lang='lat' dir='ltr'>esse</span> <span class='ocrx_word' id='word_1_172' title='bbox 815 2493 971 2556; x_wconf 82' lang='lat' dir='ltr'>noluerunt</span> <span class='ocrx_word' id='word_1_173' title='bbox 991 2493 1052 2575; x_wconf 84' lang='lat'><strong>(5).</strong></span> 
     </span>
     <span class='ocr_line' id='line_1_25' title="bbox 130 2585 1145 2669; baseline 0.004 -19"><span class='ocrx_word' id='word_1_174' title='bbox 130 2587 212 2660; x_wconf 86' lang='lat' dir='ltr'>Quae</span> <span class='ocrx_word' id='word_1_175' title='bbox 231 2585 329 2649; x_wconf 90' lang='lat' dir='ltr'>omnis</span> <span class='ocrx_word' id='word_1_176' title='bbox 343 2586 470 2668; x_wconf 86' lang='lat' dir='ltr'>pecunia</span> <span class='ocrx_word' id='word_1_177' title='bbox 484 2595 601 2667; x_wconf 88' lang='lat' dir='ltr'>postero</span> <span class='ocrx_word' id='word_1_178' title='bbox 617 2596 749 2669; x_wconf 90' lang='lat' dir='ltr'>tempore</span> <span class='ocrx_word' id='word_1_179' title='bbox 764 2588 894 2652; x_wconf 88' lang='lat' dir='ltr'>Athenas</span> <span class='ocrx_word' id='word_1_180' title='bbox 914 2591 1055 2667; x_wconf 87' lang='lat' dir='ltr'>translata</span> <span class='ocrx_word' id='word_1_181' title='bbox 1142 2624 1145 2629; x_wconf 95' lang='lat'>·</span> 
     </span>
     <span class='ocr_line' id='line_1_26' title="bbox 131 2681 1055 2765; baseline 0.001 -18"><span class='ocrx_word' id='word_1_182' title='bbox 131 2697 177 2747; x_wconf 88' lang='grc' dir='ltr'>εει</span> <span class='ocrx_word' id='word_1_183' title='bbox 193 2684 253 2765; x_wconf 84' lang='lat' dir='ltr'>(e).</span> <span class='ocrx_word' id='word_1_184' title='bbox 274 2681 328 2744; x_wconf 86' lang='lat' dir='ltr'>llic</span> <span class='ocrx_word' id='word_1_185' title='bbox 347 2702 405 2764; x_wconf 90' lang='lat' dir='ltr'>qua</span> <span class='ocrx_word' id='word_1_186' title='bbox 431 2684 521 2746; x_wconf 88' lang='lat' dir='ltr'>fuerit</span> <span class='ocrx_word' id='word_1_187' title='bbox 546 2684 725 2747; x_wconf 87' lang='lat' dir='ltr'>abstinentia</span> <span class='ocrx_word' id='word_1_188' title='bbox 748 2688 862 2749; x_wconf 90' lang='lat' dir='ltr'>nullum</span> <span class='ocrx_word' id='word_1_189' title='bbox 883 2697 928 2750; x_wconf 91' lang='lat' dir='ltr'>est</span> <span class='ocrx_word' id='word_1_190' title='bbox 946 2689 1055 2750; x_wconf 87' lang='lat' dir='ltr'>certius</span> 
     </span>
    </p>
   </div>
   <div class='ocr_carea' id='block_1_3' title="bbox 131 2807 1055 3553">
    <p class='ocr_par' dir='ltr' id='par_1_5' title="bbox 131 2807 1055 3147">
     <span class='ocr_line' id='line_1_27' title="bbox 159 2807 1055 2876; baseline 0.001 -16"><span class='ocrx_word' id='word_1_191' title='bbox 159 2811 193 2872; x_wconf 82' lang='lat' dir='ltr'>(i)</span> <span class='ocrx_word' id='word_1_192' title='bbox 208 2814 263 2860; x_wconf 85' lang='lat' dir='ltr'>Post</span> <span class='ocrx_word' id='word_1_193' title='bbox 277 2807 360 2860; x_wconf 77' lang='lat' dir='ltr'>nauale</span> <span class='ocrx_word' id='word_1_194' title='bbox 380 2815 495 2874; x_wconf 87' lang='lat' dir='ltr'>proelium</span> <span class='ocrx_word' id='word_1_195' title='bbox 516 2814 546 2860; x_wconf 87' lang='lat' dir='ltr'>ad</span> <span class='ocrx_word' id='word_1_196' title='bbox 569 2815 703 2873; x_wconf 85' lang='lat' dir='ltr'>Salamina,</span> <span class='ocrx_word' id='word_1_197' title='bbox 723 2815 825 2876; x_wconf 73' lang='lat' dir='ltr'>Xerxes,</span> <span class='ocrx_word' id='word_1_198' title='bbox 844 2818 941 2875; x_wconf 87' lang='lat' dir='ltr'>eccepto</span> <span class='ocrx_word' id='word_1_199' title='bbox 960 2817 1055 2864; x_wconf 83' lang='lat' dir='ltr'>Themi·</span> 
     </span>
     <span class='ocr_line' id='line_1_28' title="bbox 131 2882 1054 2944; baseline 0 -15"><span class='ocrx_word' id='word_1_200' title='bbox 131 2885 209 2930; x_wconf 83' lang='lat' dir='ltr'>sioclia</span> <span class='ocrx_word' id='word_1_201' title='bbox 224 2884 312 2929; x_wconf 90' lang='lat' dir='ltr'>nuncio</span> <span class='ocrx_word' id='word_1_202' title='bbox 327 2883 358 2929; x_wconf 88' lang='lat' dir='ltr'>de</span> <span class='ocrx_word' id='word_1_203' title='bbox 378 2882 573 2941; x_wconf 81' lang='lat' dir='ltr'>interrumpendo</span> <span class='ocrx_word' id='word_1_204' title='bbox 590 2886 662 2942; x_wconf 90' lang='lat' dir='ltr'>ponte</span> <span class='ocrx_word' id='word_1_205' title='bbox 670 2918 677 2944; x_wconf 94' lang='lat'>,</span> <span class='ocrx_word' id='word_1_206' title='bbox 693 2883 810 2943; x_wconf 85' lang='lat' dir='ltr'>trepidus,</span> <span class='ocrx_word' id='word_1_207' title='bbox 824 2885 848 2929; x_wconf 91' lang='lat' dir='ltr'>iu</span> <span class='ocrx_word' id='word_1_208' title='bbox 869 2897 969 2942; x_wconf 85' lang='lat' dir='ltr'>regnum</span> <span class='ocrx_word' id='word_1_209' title='bbox 984 2885 1054 2930; x_wconf 86' lang='lat' dir='ltr'>rediit</span> 
     </span>
     <span class='ocr_line' id='line_1_29' title="bbox 132 2950 1055 3011; baseline 0 -15"><span class='ocrx_word' id='word_1_210' title='bbox 132 2952 326 3008; x_wconf 79' lang='lat' dir='ltr'>ttamomumque</span> <span class='ocrx_word' id='word_1_211' title='bbox 341 2950 426 2997; x_wconf 93' lang='lat' dir='ltr'>ducem</span> <span class='ocrx_word' id='word_1_212' title='bbox 441 2963 496 2997; x_wconf 90' lang='lat' dir='ltr'>cum</span> <span class='ocrx_word' id='word_1_213' title='bbox 509 2952 617 2998; x_wconf 86' lang='lat' dir='ltr'>trecentis</span> <span class='ocrx_word' id='word_1_214' title='bbox 630 2951 747 2997; x_wconf 84' lang='lat' dir='ltr'>lromtuum</span> <span class='ocrx_word' id='word_1_215' title='bbox 763 2951 867 2997; x_wconf 88' lang='lat' dir='ltr'>millibus</span> <span class='ocrx_word' id='word_1_216' title='bbox 883 2952 914 2998; x_wconf 91' lang='lat' dir='ltr'>ad</span> <span class='ocrx_word' id='word_1_217' title='bbox 929 2952 1055 3011; x_wconf 80' lang='lat' dir='ltr'>profligan-</span> 
     </span>
     <span class='ocr_line' id='line_1_30' title="bbox 133 3019 1054 3077; baseline 0.001 -13"><span class='ocrx_word' id='word_1_218' title='bbox 133 3019 189 3064; x_wconf 83' lang='lat' dir='ltr'>dum</span> <span class='ocrx_word' id='word_1_219' title='bbox 204 3020 230 3064; x_wconf 90' lang='lat' dir='ltr'>in</span> <span class='ocrx_word' id='word_1_220' title='bbox 243 3019 338 3064; x_wconf 86' lang='lat' dir='ltr'>Graecia</span> <span class='ocrx_word' id='word_1_221' title='bbox 352 3019 440 3064; x_wconf 83' lang='lat' dir='ltr'>bellum</span> <span class='ocrx_word' id='word_1_222' title='bbox 455 3020 555 3076; x_wconf 88' lang='lat' dir='ltr'>reliquit.</span> <span class='ocrx_word' id='word_1_223' title='bbox 561 3019 650 3073; x_wconf 83' lang='lat' dir='ltr'>tiorum</span> <span class='ocrx_word' id='word_1_224' title='bbox 662 3030 716 3064; x_wconf 86' lang='lat' dir='ltr'>vero</span> <span class='ocrx_word' id='word_1_225' title='bbox 731 3019 882 3077; x_wconf 78' lang='lat' dir='ltr'>quadraginta</span> <span class='ocrx_word' id='word_1_226' title='bbox 896 3020 987 3065; x_wconf 84' lang='lat' dir='ltr'>tantum</span> <span class='ocrx_word' id='word_1_227' title='bbox 1002 3022 1054 3066; x_wconf 76' lang='lat' dir='ltr'>md-</span> 
     </span>
     <span class='ocr_line' id='line_1_31' title="bbox 132 3086 660 3147; baseline -0.002 -14"><span class='ocrx_word' id='word_1_228' title='bbox 132 3087 164 3133; x_wconf 90' lang='lat' dir='ltr'>lia</span> <span class='ocrx_word' id='word_1_229' title='bbox 176 3089 231 3147; x_wconf 84' lang='lat' dir='ltr'>post</span> <span class='ocrx_word' id='word_1_230' title='bbox 245 3088 379 3146; x_wconf 87' lang='lat' dir='ltr'>plateeense</span> <span class='ocrx_word' id='word_1_231' title='bbox 391 3088 506 3146; x_wconf 87' lang='lat' dir='ltr'>proelium</span> <span class='ocrx_word' id='word_1_232' title='bbox 516 3086 660 3146; x_wconf 81' lang='lat' dir='ltr'>superfuere.</span> 
     </span>
    </p>

    <p class='ocr_par' dir='ltr' id='par_1_6' title="bbox 163 3154 787 3214">
     <span class='ocr_line' id='line_1_32' title="bbox 163 3154 787 3214; baseline 0 -13"><span class='ocrx_word' id='word_1_233' title='bbox 163 3154 199 3211; x_wconf 70' lang='grc' dir='ltr'><strong>(ιι</strong></span> <span class='ocrx_word' id='word_1_234' title='bbox 208 3154 270 3211; x_wconf 80' lang='lat' dir='ltr'>llege</span> <span class='ocrx_word' id='word_1_235' title='bbox 282 3155 456 3214; x_wconf 85' lang='lat' dir='ltr'>Spartanorum,</span> <span class='ocrx_word' id='word_1_236' title='bbox 471 3155 540 3201; x_wconf 86' lang='lat' dir='ltr'>cuius</span> <span class='ocrx_word' id='word_1_237' title='bbox 554 3155 616 3200; x_wconf 90' lang='lat' dir='ltr'>hanc</span> <span class='ocrx_word' id='word_1_238' title='bbox 630 3155 719 3214; x_wconf 85' lang='lat' dir='ltr'>excipit</span> <span class='ocrx_word' id='word_1_239' title='bbox 733 3156 787 3201; x_wconf 84' lang='lat' dir='ltr'>ritu.</span> 
     </span>
    </p>

    <p class='ocr_par' dir='ltr' id='par_1_7' title="bbox 163 3220 536 3282">
     <span class='ocr_line' id='line_1_33' title="bbox 163 3220 536 3282; baseline 0.005 -16"><span class='ocrx_word' id='word_1_240' title='bbox 163 3220 195 3279; x_wconf 73' lang='lat' dir='ltr'>ld)</span> <span class='ocrx_word' id='word_1_241' title='bbox 204 3222 287 3269; x_wconf 78' lang='lat' dir='ltr'>Ferme</span> <span class='ocrx_word' id='word_1_242' title='bbox 301 3221 423 3282; x_wconf 75' lang='lat'><strong>2‚550,000</strong></span> <span class='ocrx_word' id='word_1_243' title='bbox 431 3221 536 3276; x_wconf 74' lang='lat' dir='ltr'>franchi.</span> 
     </span>
    </p>

    <p class='ocr_par' dir='ltr' id='par_1_8' title="bbox 136 3287 1055 3414">
     <span class='ocr_line' id='line_1_34' title="bbox 164 3287 1055 3352; baseline 0.006 -19"><span class='ocrx_word' id='word_1_244' title='bbox 164 3288 195 3346; x_wconf 77' lang='lat' dir='ltr'>tt)</span> <span class='ocrx_word' id='word_1_245' title='bbox 208 3287 346 3337; x_wconf 77' lang='lat' dir='ltr'>ldediaiuit</span> <span class='ocrx_word' id='word_1_246' title='bbox 362 3289 423 3334; x_wconf 86' lang='lat' dir='ltr'>inter</span> <span class='ocrx_word' id='word_1_247' title='bbox 438 3289 547 3348; x_wconf 84' lang='lat' dir='ltr'>cycladas</span> <span class='ocrx_word' id='word_1_248' title='bbox 564 3289 640 3334; x_wconf 89' lang='lat' dir='ltr'>insula</span> <span class='ocrx_word' id='word_1_249' title='bbox 654 3289 722 3335; x_wconf 84' lang='lat' dir='ltr'>murts</span> <span class='ocrx_word' id='word_1_250' title='bbox 740 3289 833 3349; x_wconf 76' lang='lat' dir='ltr'>Aegaei,</span> <span class='ocrx_word' id='word_1_251' title='bbox 847 3290 935 3338; x_wconf 69' lang='lat' dir='ltr'>itunae</span> <span class='ocrx_word' id='word_1_252' title='bbox 950 3292 974 3338; x_wconf 86' lang='lat' dir='ltr'>ei</span> <span class='ocrx_word' id='word_1_253' title='bbox 987 3293 1055 3352; x_wconf 82' lang='lat' dir='ltr'>Apol·</span> 
     </span>
     <span class='ocr_line' id='line_1_35' title="bbox 136 3355 816 3414; baseline 0.007 -14"><span class='ocrx_word' id='word_1_254' title='bbox 136 3355 189 3404; x_wconf 81' lang='lat' dir='ltr'>tine</span> <span class='ocrx_word' id='word_1_255' title='bbox 198 3359 256 3405; x_wconf 85' lang='lat' dir='ltr'>ortu</span> <span class='ocrx_word' id='word_1_256' title='bbox 271 3358 364 3405; x_wconf 74' lang='lat' dir='ltr'>Graecis</span> <span class='ocrx_word' id='word_1_257' title='bbox 378 3359 479 3405; x_wconf 83' lang='lat' dir='ltr'>maxima</span> <span class='ocrx_word' id='word_1_258' title='bbox 493 3356 549 3404; x_wconf 87' lang='lat' dir='ltr'>oiim</span> <span class='ocrx_word' id='word_1_259' title='bbox 568 3357 679 3414; x_wconf 78' lang='lat' dir='ltr'>religione</span> <span class='ocrx_word' id='word_1_260' title='bbox 692 3357 816 3405; x_wconf 82' lang='lat' dir='ltr'>celebrata</span> 
     </span>
    </p>

    <p class='ocr_par' dir='ltr' id='par_1_9' title="bbox 165 3425 812 3486">
     <span class='ocr_line' id='line_1_36' title="bbox 165 3425 812 3486; baseline 0.005 -16"><span class='ocrx_word' id='word_1_261' title='bbox 165 3425 196 3483; x_wconf 80' lang='grc'>(5)</span> <span class='ocrx_word' id='word_1_262' title='bbox 212 3425 282 3483; x_wconf 79' lang='lat' dir='ltr'>Quod</span> <span class='ocrx_word' id='word_1_263' title='bbox 296 3427 398 3486; x_wconf 89' lang='lat' dir='ltr'>pecunia</span> <span class='ocrx_word' id='word_1_264' title='bbox 413 3426 459 3472; x_wconf 88' lang='lat' dir='ltr'>loci</span> <span class='ocrx_word' id='word_1_265' title='bbox 473 3426 595 3472; x_wconf 85' lang='lat' dir='ltr'>sanctitate</span> <span class='ocrx_word' id='word_1_266' title='bbox 610 3425 643 3471; x_wconf 90' lang='lat' dir='ltr'>ibi</span> <span class='ocrx_word' id='word_1_267' title='bbox 659 3428 731 3473; x_wconf 87' lang='lat' dir='ltr'>tutior</span> <span class='ocrx_word' id='word_1_268' title='bbox 744 3429 812 3474; x_wconf 89' lang='lat' dir='ltr'>esset.</span> 
     </span>
    </p>

    <p class='ocr_par' dir='ltr' id='par_1_10' title="bbox 165 3491 1055 3553">
     <span class='ocr_line' id='line_1_37' title="bbox 165 3491 1055 3553; baseline 0.001 -15"><span class='ocrx_word' id='word_1_269' title='bbox 165 3491 195 3553; x_wconf 76' lang='grc' dir='ltr'><strong>ιι)</strong></span> <span class='ocrx_word' id='word_1_270' title='bbox 217 3493 270 3551; x_wconf 75' lang='lat' dir='ltr'>Quo</span> <span class='ocrx_word' id='word_1_271' title='bbox 296 3495 402 3552; x_wconf 86' lang='lat' dir='ltr'>tempora</span> <span class='ocrx_word' id='word_1_272' title='bbox 424 3493 540 3540; x_wconf 86' lang='lat' dir='ltr'>amicitiae</span> <span class='ocrx_word' id='word_1_273' title='bbox 561 3494 622 3540; x_wconf 84' lang='lat' dir='ltr'>inter</span> <span class='ocrx_word' id='word_1_274' title='bbox 642 3494 836 3541; x_wconf 86' lang='lat' dir='ltr'>Lacedaemonios</span> <span class='ocrx_word' id='word_1_275' title='bbox 857 3493 1055 3552; x_wconf 80' lang='lat' dir='ltr'>Atheniensesque</span> 
     </span>
    </p>
   </div>
   <div class='ocr_carea' id='block_1_4' title="bbox 0 0 1246 3938">
    <p class='ocr_par' dir='ltr' id='par_1_11' title="bbox 0 0 1246 3938">
     <span class='ocr_line' id='line_1_38' title="bbox 0 0 1246 3938; baseline 0 0"><span class='ocrx_word' id='word_1_276' title='bbox 0 0 1246 3938; x_wconf 95' lang='lat' dir='ltr'> </span> 
     </span>
    </p>
   </div>
  </div>
 </body>
</html>
