2452 3938
514 243 675 291 elusanus
1011 224 1048 287 ll

136 340 220 425 perit,
240 339 272 401 in
288 336 406 419 primis,
421 338 459 400 ad
475 338 569 400 lilium
589 335 799 413 claudendum,
815 334 945 417 lapidem
963 334 1001 397 ad
1015 335 1059 397 in-

135 438 255 501 troitum
283 434 365 497 aedis
387 434 532 497 attulisse.
565 431 614 496 Sio
637 433 799 495 Pausanias
828 449 962 510 magnam
987 431 1058 493 belli

134 533 257 614 gloriam
274 531 355 613 turpi
382 540 476 594 morte
501 531 668 593 maculavit.
694 529 748 592 liic
776 547 842 592 eum
872 527 1057 591 semianimis

136 631 170 694 de
186 629 298 710 templo
316 629 411 691 elatus
428 635 517 705 esset,
537 626 692 689 confestim
712 625 842 689 animam
865 623 985 688 efflauit.
1003 623 1058 686 Gu-

136 727 181 789 ius
198 725 308 788 mortui
326 743 432 806 corpus
451 743 517 787 oum
537 723 641 786 eodem
660 722 796 785 nonnulli
814 721 949 784 dicerent
966 720 1059 783 inier-

137 825 160 887 ri
178 814 228 904 (l)'
244 829 394 904 oportere,
414 840 473 903 quo
493 821 537 899 hi,
554 820 605 902 qui
624 821 660 883 ad
671 820 849 902 supplicium
867 825 966 880 essent
980 816 1055 894 dati,

121 919 285 1002 ¹displiouit
312 918 468 1000 pluribus:
489 926 518 980 et
536 918 639 998 procul
664 918 701 979 ab
730 936 765 979 eo
784 917 850 978 loeo
871 913 1053 990 infoderunt,

138 1019 166 1080 in
183 1035 242 1100 quo
265 1026 329 1078 erat
343 1023 487 1078 mortuus.
507 1014 579 1077 lude
596 1015 764 1095 posterius,
789 1013 836 1075 dei
854 1010 988 1093 Delphici
1008 1011 1055 1090 (ἓ)

138 1132 288 1196 responso,
308 1120 422 1191 erutos,
442 1121 530 1195 atque
548 1111 652 1174 eodem
674 1112 739 1174 looo
757 1110 903 1190 sepultus,
931 1107 985 1170 ubi
1010 1108 1055 1168 ri-

140 1221 193 1274 tem
211 1216 364 1293 posuerat.

575 1493 611 1562 V.

480 1636 704 1784 rinnon.
786 1668 790 1675 ’

177 2011 200 2077 1.
216 2014 334 2092 Cimon,
347 2012 484 2076 Miltiadis
495 2015 585 2091 lilius,
604 2013 800 2090 atheniensis,
813 2013 886 2078 duro
897 2014 1056 2089 admodum

141 2106 221 2173 initio
236 2130 307 2174 usus
319 2121 365 2174 est
378 2104 608 2179 adolescentiae.
622 2109 708 2186 Nem,
721 2130 788 2173 rum
802 2119 887 2191 pater
901 2111 965 2173 eius
973 2110 1057 2172 litem

140 2208 321 2284 aestimatam
330 2207 377 2289 (3)
394 2207 503 2289 populo
522 2207 634 2268 solvere
656 2225 715 2268 non
735 2206 897 2287 potuisset,
914 2205 957 2282 ,ob
975 2223 1054 2267 earn-

141 2322 195 2386 que
211 2322 331 2366 eausam
352 2303 383 2365 in
401 2304 529 2386 publicis
546 2303 671 2366 vinculis
689 2302 874 2377 decessisset,
887 2301 990 2367 Cimon
1009 2321 1058 2365 ea·

139 2401 201 2464 dern
216 2400 352 2463 custodia
362 2400 529 2477 tenebatur,
543 2418 640 2481 neque
650 2400 765 2479 legibus
777 2400 1000 2463 Atheniensium
1009 2401 1057 2482 (l)

140 2499 233 2561 emitti
252 2498 381 2579 potebat,
395 2497 452 2559 nisi
471 2497 640 2578 pecuniam,
659 2517 718 2578 qua
736 2507 819 2580 poter
836 2499 993 2560 muletatus
1008 2517 1058 2560 es·

56 2626 63 2641 ·
139 2603 193 2672 set,
212 2594 358 2657 solvisset.
384 2593 518 2657 Habebat
544 2595 904 2658 autenm-'matrimonio
926 2612 1057 2659 sororem

164 2781 195 2840 (i)
204 2783 314 2829 solemne
328 2780 427 2827 verbum
438 2781 468 2828 do
481 2781 616 2841 sepultura,
632 2793 707 2839 equo
716 2782 788 2829 etism
799 2783 902 2829 monavit
916 2780 1012 2840 tot'err'or
1023 2780 1058 2838 so·

137 2862 197 2901 onor
212 2851 279 2896 loeus
294 2851 371 2903 sutem
386 2849 416 2896 de
431 2863 479 2908 quo
494 2850 533 2895 bic
546 2851 634 2895 mentio
649 2852 691 2910 est,
709 2851 782 2896 Ceodo
796 2850 970 2910 appellabatur3
985 2851 1008 2894 tn
1024 2851 1058 2894 al·

138 2917 260 2963 titudinem
275 2915 352 2962 editus
366 2917 423 2976 erut,
435 2929 463 2962 ex
478 2929 554 2974 eoque
568 2917 649 2975 ospitis
665 2915 768 2963 domnail
783 2915 962 2976 deitctebsntur,
977 2917 1003 2961 ut
1013 2916 1058 2961 llo·

137 2995 194 3044 mne,
208 2995 239 3030 ex
253 2996 315 3042 rupo
329 2983 430 3042 Tarpeio
444 2983 586 3044 reipubbeee
599 2985 750 3047 temporibus,
764 2997 792 3030 ex
808 2985 925 3030 demoniis
938 2984 1005 3029 scalis
1014 2982 1059 3029 sub

137 3051 321 3112 imperatoribus.

165 3119 196 3179 (2)
213 3119 323 3178 Apollinis
338 3118 435 3176 Pythici.

166 3188 197 3243 to)
208 3187 270 3233 ldsst
284 3198 392 3246 poenam,
407 3199 467 3245 quae
481 3185 649 3244 qulnquaginta
663 3185 757 3233 talentis
770 3185 848 3234 luerat
860 3187 987 3233 oesttmela.

165 3253 197 3311 (t)
208 3254 358 3312 Quao'petris
371 3252 500 3314 belamiam,
515 3254 551 3299 rel
566 3264 615 3299 non
629 3254 700 3300 soluti
715 3255 774 3300 ueris
794 3255 991 3314 allenlmoeuam,
1006 3266 1059 3300 curn

138 3318 407 3379 bllisoommuuieersnt
427 3321 473 3369 Sed
491 3321 527 3367 illl
546 3322 649 3380 potiores
666 3322 724 3368 mibi
743 3320 867 3381 ridentur,
888 3325 928 3381 qul
943 3326 1060 3370 Cimonem

137 3390 229 3500 numeru
249 3389 321 3450 petris
345 3390 437 3436 rlnoule
461 3389 577 3450 subiisse,
602 3391 628 3437 ut
653 3389 713 3437 illius
740 3401 828 3451 eorpus
849 3391 1004 3439 redimeretur
1030 3391 1061 3436 od

149 3467 213 3504 unus.
