2452 3938
478 246 694 292 nneuisrocnns
1007 227 1048 292 23

120 345 281 408 generosus
299 325 368 389 init.
384 324 412 389 ls
431 345 551 389 uxorem
563 323 804 389 halicarnassiam
821 325 868 407 (i)
884 324 975 389 civem
994 326 1048 388 du-

120 425 171 501 xit,
192 440 229 486 ex
246 441 306 504 qua
331 430 481 485 natusest
508 420 734 484 Themistocles.
763 419 839 500 oui,
856 441 923 485 cum
948 423 1046 485 minus

120 528 197 582 esset
214 517 357 601 probatus
376 518 560 602 parentibus,
581 519 660 600 quod
678 528 708 580 et
725 517 848 581 liberius
867 518 996 595 vivebat,
1017 528 1046 582 et

119 613 1046 697 remlamiliaremnegligebat,apatreexheredatusest.Quae

119 712 302 775 Contumelia
320 731 380 775 non
399 711 485 790 fregit
503 730 585 787 eum,
605 711 655 773 sed
672 713 774 774 erexit.
794 710 867 773 Nam
887 731 954 774 cum
969 712 1048 774 iudi·

119 819 226 887 casset,
247 810 312 871 sine
333 826 452 871 summa
469 807 615 870 industria
632 826 693 870 non
712 827 798 890 posse
816 826 882 871 eam
902 809 1044 888 extingui,

120 913 213 968 totum
241 925 274 968 se
299 905 410 968 dedidit
428 905 634 987 reipublicae,
658 905 828 985 diligentius
847 905 968 982 amicis,
999 906 1045 968 ia·

120 1022 246 1084 maeque
260 1001 403 1066 serviens.
422 1001 544 1065 Multum
564 1002 595 1063 in
612 1001 732 1064 iudiciis
757 1003 876 1083 privatis
899 1002 1043 1065 versaba-

120 1110 180 1176 tur,
193 1118 282 1180 saepe
290 1099 320 1161 in
331 1099 504 1162 concionem
518 1099 620 1180 populi
633 1098 783 1180 prodibot3
797 1099 878 1161 nulla
890 1117 937 1162 res
951 1100 1046 1161 maior

119 1198 182 1259 sine
200 1216 236 1258 eo
257 1195 428 1274 gembertum
443 1186 659 1276 celeriterque,
684 1213 761 1276 quae
781 1215 856 1276 opus
874 1205 971 1272 erant,
995 1215 1045 1258 re·

120 1291 263 1374 periebat,
284 1291 370 1353 tacite
388 1292 492 1354 eadem
512 1291 646 1354 oratione
672 1280 851 1374 explicabat.
867 1291 969 1373 Neque
985 1293 1044 1353 mi-

120 1409 173 1453 nus
198 1389 229 1451 in
257 1389 347 1451 rebus
373 1389 510 1468 gerendis
536 1397 702 1471 promptus,
722 1407 811 1469 quam
830 1389 1042 1468 excogitandis,

119 1496 192 1565 erat;
210 1486 290 1567 quod
309 1495 338 1549 et
356 1487 393 1549 de
411 1485 592 1548 instantibus
604 1486 652 1567 (ἓ)
664 1487 710 1567 (nt
735 1486 777 1548 ait
798 1484 983 1567 Thucydides
996 1486 1043 1566 (3)

122 1583 272 1646 verissime
304 1583 477 1661 iudicabat,
498 1592 528 1645 et
551 1583 588 1646 de
611 1583 717 1645 tuturis
747 1583 938 1646 callidissime
970 1601 1044 1646 con-

124 1680 254 1744 iiciebat.
285 1678 348 1753 Quo
380 1682 558 1744 factumest
589 1692 622 1742 ut
649 1681 732 1744 breui
760 1691 891 1763 tempore
909 1682 1043 1744 illustra-

123 1788 214 1840 retur.

162 1873 199 1937 11.
216 1874 335 1939 Primus
352 1884 449 1938 autem
477 1876 588 1955 gradus
610 1875 666 1938 luit
684 1876 881 1957 capessendae
900 1874 1045 1955 reipubli-

124 1990 186 2049 cae,
205 1972 283 2036 bello
302 1972 461 2054 Corcyraeo
480 1974 539 2055 (l):
561 1974 596 2036 ad
615 1975 697 2055 quod
713 1975 873 2053 gerendum
894 1981 1012 2065 praetor
1027 1991 1043 2033 a
1052 2032 1074 2065 a.
1084 2020 1110 2065 43

125 2070 230 2150 populo
248 2070 361 2148 iactus,
388 2088 447 2132 non
467 2072 561 2134 solum
591 2073 739 2153 praesenti
758 2072 849 2146 bello,
876 2070 929 2133 sed
952 2070 1041 2131 etiam

153 2245 184 2300 tt]
199 2244 361 2303 Halicarnassi,
377 2245 621 2292 Cariaenobitissimae
630 2247 695 2293 urbis
704 2249 729 2292 in
742 2247 793 2293 lisia
804 2248 907 2300 minema
920 2245 1047 2290 Boudroue

125 2314 264 2359 recentiores
276 2314 400 2373 appeliant.

152 2384 185 2441 (2)
200 2385 269 2442 Quod
289 2387 377 2431 Graeco
391 2384 430 2430 ilia
445 2383 560 2440 loquendi
574 2384 633 2428 ratio
657 2383 787 2438 plenissime
809 2383 854 2429 est:
871 2387 923 2451 περὶ
939 2385 983 2444 μὲν
1001 2390 1046 2431 τῶν

171 2470 252 2502 οντων.

125 2469 182 2579 pqq)
197 2520 394 2578 Peloponnesiaco
409 2516 472 2562 bello
487 2517 599 2574 flagrante
612 2519 709 2563 maxime
721 2519 815 2576 floruit,
833 2518 857 2562 et
869 2507 1044 2564 atheniensium

124 2599 158 2633 ces
171 2586 316 2643 aliquamdiu
332 2587 356 2632 in
371 2585 471 2631 Thracia
485 2587 566 2644 gessit3
581 2587 662 2644 postea
682 2599 738 2633 vero
757 2587 855 2633 adversa
870 2586 927 2632 helii
950 2582 1045 2631 lortnna

124 2656 183 2699 circe
198 2655 353 2713 Amphipolim
361 2665 424 2711 usus,
440 2653 540 2710 ideoque
550 2664 564 2697 a
575 2653 624 2697 suis
639 2654 728 2699 civibus
743 2655 814 2701 exilio
829 2655 959 2712 mulctatus,
971 2654 1045 2699 totunr

125 2733 147 2766 se
161 2721 191 2766 ed
206 2721 328 2768 historiam
342 2721 489 2767 scribendam
503 2720 611 2780 centulli,
620 2721 832 2781 vehementissime,
844 2725 872 2768 ut
883 2723 953 2778 vulgo
962 2720 1042 2777 lectur,

126 2790 249 2850 laudibus,
270 2789 355 2848 quibus
378 2789 474 2836 Graecia
496 2802 579 2838 novom
595 2792 705 2838 Herodoti
728 2803 804 2836 musas
823 2790 899 2838 tuerat
920 2790 1046 2848 prosecuta

126 2859 148 2902 in
162 2859 262 2905 solemni
279 2859 396 2916 Olympiae
418 2859 536 2919 concilio,
559 2861 685 2919 permotus.
707 2861 830 2906 Historiam
856 2857 1046 2918 peloponnesiaci

125 2926 177 2972 belii
201 2927 244 2973 vul
258 2926 322 2972 libris
342 2927 448 2985 digessit,
464 2939 492 2972 ea
506 2929 528 2972 et
543 2928 590 2972 lide
605 2929 629 2972 et
643 2927 756 2984 elegantia
771 2930 794 2974 et
809 2929 937 2984 gravitate,
953 2928 978 2970 ut
995 2936 1045 2971 non

123 2994 237 3039 immerito
251 2993 346 3041 habitus
360 2997 405 3053 sit,
420 2996 538 3054 primasio
547 2995 644 3040 historia
655 3006 710 3039 com
725 2995 843 3042 Herodoto
855 2997 880 3041 et
891 2993 1045 3053 Xenophonte

125 3061 210 3106 tulisse.

153 3130 186 3184 tt>
200 3129 282 3173 herrat
296 3128 389 3186 quidem
402 3129 539 3175 Plutarchus
554 3129 734 3174 controversiam
747 3129 806 3174 inter
818 3127 949 3174 Corinthios
958 3128 982 3173 et
993 3127 1046 3173 Cor·

126 3208 230 3256 cgrenses
241 3197 259 3256 (i
275 3195 399 3256 Corfiottil,
416 3197 570 3242 Themistocle
586 3195 682 3251 arbitro,
698 3196 847 3255 disceptatum
863 3194 942 3254 luisse,
959 3195 989 3241 ab
1004 3207 1045 3240 eo·

125 3275 170 3319 que
186 3264 307 3323 postremis
327 3263 493 3322 adiudicatum,
516 3263 557 3310 sed
579 3264 607 3309 de
628 3263 691 3308 helio
712 3274 824 3319 nusquam
845 3264 940 3309 mentio.
961 3263 1046 3309 Contra

125 3334 254 3380 Herodotus
268 3337 292 3380 et
306 3335 464 3396 Thucldides,
484 3347 531 3380 non
548 3346 684 3393 corcyrense
709 3333 812 3393 bellum,
833 3334 875 3380 sed
889 3335 1046 3391 aegineticum

127 3404 214 3458 gotum
229 3416 243 3448 e
258 3403 413 3450 Themistocle
437 3406 544 3457 numech,
569 3405 677 3448 nostrum
693 3403 764 3461 igitur
788 3405 827 3448 ant
842 3404 952 3448 memoria
966 3400 1048 3448 lelellit

125 3472 164 3515 aut
175 3483 258 3530 porum
275 3471 374 3529 diligens
391 3474 479 3518 auctor.
