2452 3938
189 270 251 334 teo
584 288 719 336 murras

188 348 371 464 ei.pcrerent
385 373 504 453 musone
515 375 649 452 consillia
662 371 831 439 uterentur.
842 373 897 439 His
908 375 1002 440 robus
1011 378 1119 443 iduma·

189 490 243 535 nos
265 479 419 553 permotus
435 471 529 534 satius
547 471 642 550 duait,
666 473 692 536 si
714 473 756 535 ita
778 472 895 536 tulisset
910 473 1045 554 somena,
1065 497 1119 560 pe·

187 568 260 646 rire,
277 568 353 632 bene
376 568 491 631 meritis
505 568 686 633 referentem
702 570 840 649 gratiam,
857 588 950 652 quam
964 572 1117 652 ingratum

187 682 298 728 rurore.

227 759 290 823 vll.
312 761 416 843 Itaque
433 761 535 842 copias
553 761 713 839 contraxit,
736 761 851 826 bellum
869 761 1028 828 adversum
1060 765 1121 831 An·

81 913 84 918 .
186 857 320 937 tigonnur
339 859 533 941 compararit.
548 855 632 931 Quod
644 878 705 921 uua
723 867 809 921 erant
825 857 1020 924 Macedonum
1038 882 1121 928 cum·

186 954 287 1033 plures
310 954 438 1033 nobiles,
462 956 494 1017 iu
517 955 563 1018 bis
589 953 765 1032 Peucestes,
789 957 841 1037 qui
865 958 999 1038 corporis
1017 969 1120 1025 enetos

185 1050 282 1115 fuerat
302 1051 462 1116 Alexandri
477 1052 537 1136 (l),
563 1061 743 1130 tumentem
769 1052 925 1118 obtinebat
941 1053 1116 1138 Persidem-3

86 1195 88 1199 .
185 1155 215 1209 et
230 1146 412 1228 Antigenes,
431 1152 518 1218 cuins
539 1152 596 1216 sub
616 1149 742 1232 imperio
757 1150 885 1231 phalanx
902 1160 967 1214 erat
980 1151 1119 1219 Macedo·

184 1264 256 1308 num
270 1246 330 1329 (2),
354 1247 496 1314 inuidiam
517 1271 640 1329 verens,
664 1268 754 1332 quam
776 1258 875 1311 tamen
900 1249 1031 1328 effugere
1058 1270 1118 1316 nou

185 1344 296 1425 potnit,
318 1347 344 1409 si
363 1350 464 1431 potius
485 1338 550 1430 ipse
565 1347 732 1426 alienigena
757 1346 869 1410 summi
891 1346 1011 1428 imperii
1035 1348 1116 1430 poti·

185 1449 291 1520 retur,
313 1461 403 1525 quarn
427 1446 478 1509 alii
495 1444 689 1508 Macedonum
714 1462 842 1524 quorum
865 1442 908 1506 ibi
927 1453 992 1506 erat
1010 1444 1116 1509 multi·-

187 1537 277 1601 tudo:
302 1539 334 1602 iu
351 1542 509 1623 principiis
522 1542 570 1622 (3)
592 1541 714 1603 nomino
735 1539 895 1604 Alexandri
928 1541 1034 1606 statuit
1068 1549 1116 1606 n·

184 1631 379 1699 bernaculnm
393 1657 402 1715 3
427 1640 458 1700 in
481 1657 578 1720 eoque
593 1638 697 1700 sellam
714 1654 838 1700 auream
855 1654 923 1699 cnm
941 1645 1062 1719 sceptro
1075 1656 1117 1702 -ac

182 1730 354 1796 diademato
371 1734 458 1798 iussit
475 1736 562 1818 puni,
580 1754 676 1818 eoque
691 1753 795 1798 omnes
813 1733 947 1815 quotidie
969 1736 1116 1799 conueni-

181 1848 214 1893 ro
227 1874 236 1908 ,
249 1837 286 1893 ut
304 1829 347 1893 ihi
364 1831 401 1895 de
418 1833 546 1897 summis
562 1833 652 1896 rebus
670 1831 795 1895 consilia
825 1839 1025 1913 caperentur3
1046 1850 1126 1897 crem

182 1927 270 2004 dens,
290 1927 405 1994 minore
421 1949 453 1992 se
471 1930 583 1994 invidia
599 1931 682 2009 iore,
700 1930 727 1992 si
748 1927 848 2009 specis
870 1928 991 2008 imperii
1011 1930 1115 1993 uerni-

181 2024 289 2110 nisque
307 2026 500 2092 simulatione
516 2028 674 2091 Alexandri
703 2027 816 2090 bellum
836 2025 990 2088 rideretur
1013 2026 1114 2091 adtui-

181 2123 321 2188 uistrare.
341 2123 427 2198 Quod
444 2135 474 2188 et
492 2127 562 2190 lecit
577 2127 637 2210 (t).
655 2125 729 2188 Nam
745 2142 812 2187 cum
832 2142 892 2186 non
909 2122 948 2193 ad
965 2122 1115 2191 comente

182 2222 340 2305 principia,
356 2224 408 2287 sed
426 2224 464 2287 ad
482 2226 562 2303 regia
580 2222 808 2298 conveniretur,
827 2229 917 2303 atque
942 2219 986 2282 ibi
1003 2220 1115 2284 de-re·

171 2313 238 2383 'bus
256 2320 490 2400 deliberaretur,
509 2320 729 2403 quodammode
758 2317 891 2396 latebat,
915 2335 986 2380 cum
1010 2325 1117 2383 umen·

99 2468 102 2474 .
177 2434 235 2501 per
247 2435 320 2480 eum
337 2437 430 2481 uuum
448 2427 623 2498 gererentur
645 2416 758 2480 omnia.
995 2432 998 2436 “

233 2513 310 2579 llll.
331 2515 385 2579 Hic
404 2516 436 2577 in
452 2514 622 2580 Paraetacis
635 2515 683 2596 (5)
703 2532 771 2577 cnm
788 2512 937 2591 Antigono
955 2512 1112 2592 condixit,

178 2631 242 2674 'nou
260 2613 324 2676 acie
342 2613 498 2690 instructa,
514 2613 565 2676 sed
585 2614 617 2679 in
635 2612 761 2691 itinere;
781 2626 910 2691 eumque
928 2611 1113 2677 maleacce·

178 2717 266 2791 ptum
282 2709 329 2794 (θ)
356 2710 388 2772 iu
406 2709 531 2773 Mediam
550 2710 714 2777 hiematum
737 2707 834 2786 coegit
852 2705 963 2770 redlro.
991 2706 1062 2790 Ipse
1077 2710 1111 2774 in

181 2808 310 2874 finitima
330 2809 453 2890 reginae
466 2808 597 2873 Persidis
615 2807 778 2871 hiematum
793 2804 894 2887 copias
915 2804 1029 2884 diuisit,
1048 2826 1110 2872 nun

209 2975 242 3037 (Ι)
266 2977 357 3037 Septem
373 2978 471 3024 omnino
485 2977 511 3023 hl
531 2977 636 3037 corporis
650 2973 759 3022 custodes
784 2971 859 3032 eraut,
874 2980 950 3028 eaque
965 2972 1110 3032 amplissime

161 3067 168 3078 ·
179 3046 287 3104 dignitus.
295 3046 433 3094 habebatur.

212 3112 244 3174 (2)
259 3114 309 3161 non
322 3115 371 3161 tote
385 3114 494 3174 phalanx,
509 3111 552 3160 sed
566 3123 594 3159 ee
609 3122 665 3171 pars
680 3120 741 3167 quse
759 3104 928 3175 ἄργυρασπίδων
944 3105 975 3152 ab
991 3107 1111 3166 mentale

181 3182 269 3240 clypeis
281 3184 317 3229 eet
331 3183 455 3242 appellate.

213 3247 244 3309 (ὅ)
267 3249 383 3311 Prlnclpla
398 3252 465 3298 locus
479 3251 517 3296 vel
532 3249 659 3296 tentorium
674 3246 732 3304 erat,
744 3245 768 3291 lu
780 3254 828 3302 quo
843 3242 927 3289 venus
940 3240 1109 3303 conderentur,

181 3319 206 3361 ·,t
216 3316 287 3364 ducos
302 3317 454 3364 deliberaturi
468 3316 631 3364 convenirent.

213 3384 243 3442 ll)
260 3383 316 3431 ltut:
331 3383 351 3429 Ε
365 3381 434 3442 scats
451 3413 456 3426 .

212 3451 244 3511 (5)
258 3451 319 3497 ldest
333 3453 356 3496 in
370 3452 601 3507 tenerescentium
616 3448 652 3494 est
665 3446 791 3507 superioris
806 3441 904 3491 Persidis
916 3443 991 3501 ruglo·

211 3520 244 3575 (6)
259 3517 316 3564 trata
328 3515 378 3563 Met
390 3520 475 3562 cuncte.
700 3523 703 3527 ·
