2452 3938
207 273 247 336 86
588 285 752 333 amuranus

206 391 278 445 tunc
295 380 395 444 valens
411 377 530 467 hia-cedo
554 379 648 441 multa
672 377 872 456 moliebatur;
898 376 948 440 cui
973 375 1126 459 oppositus

205 478 313 543 Chares
329 496 396 541 cum
411 491 500 553 essct,
521 494 581 538 non
599 475 671 538 satis
688 475 721 538 in
738 494 773 537 ao
792 474 932 556 praesidii
954 473 1127 556 putabatur.

205 575 253 638 Fit
265 574 452 639 Menestheus
471 580 611 655 praetor,
629 571 708 634 tilius
725 570 891 653 Iphicratis,
913 589 1007 650 gener
1025 569 1129 634 Timo·

205 672 279 748 thei,
290 680 329 734 ,ct
346 680 379 733 ut
395 671 432 755 ad
449 670 560 733 helhum
580 668 784 751 proficiscatur
799 668 978 731 decernitur.
1004 666 1081 731 Huic
1098 667 1142 749 iu¹

205 767 363 828 consilium
377 767 486 828 dantur
498 766 570 842 duc,
583 784 639 827 usu
650 773 680 828 et
690 765 836 846 sapientia
846 772 1045 847 praestantes,
1056 783 1131 847 qno·

140 861 143 866 '
206 863 412 925 cumconsilio
429 872 575 941 uteretur,
588 870 712 944 pateret
728 880 823 924 socer:
842 861 922 944 qnod
935 861 968 923 in
985 861 1033 924 his
1046 870 1129 925 tanta

203 962 267 1016 erat
287 957 468 1033 auctoritas,
487 967 519 1019 ut
546 973 653 1036 magna
671 973 738 1036 spes
760 963 854 1032 esset,
878 973 931 1036 por
949 973 1001 1018 sos
1018 955 1129 1019 arnust

204 1070 291 1133 posse
310 1053 492 1135 recuperari.
517 1051 554 1115 Hi
581 1071 648 1115 cum
666 1049 786 1114 Samum
809 1051 934 1134 protecti
951 1060 1075 1130 esseut,
1100 1060 1130 1116 et

203 1144 308 1211 eodem
320 1147 442 1227 Chares,
456 1168 558 1214 eorum
574 1150 703 1217 adventu
722 1148 849 1227 cognito,
869 1166 941 1211 cum·
955 1149 1019 1211 suis
1033 1149 1128 1232 copiis

202 1246 457 1326 proficisceretur,
482 1247 610 1328 nequid
628 1245 750 1310 ahsente
768 1264 800 1308 se
818 1255 939 1325 gestum·
951 1243 1126 1325 'videretnr;

202 1343 321 1421 accidit,
335 1362 403 1406 cum
422 1345 459 1406 ad
473 1345 601 1407 insulam
614 1343 878 1424 appropinquaret,
891 1331 924 1405 ut
934 1360 1042 1420 magna
1054 1351 1127 1406 tem·

201 1448 300 1521 pectas
318 1441 462 1504 oriretur:
483 1459 572 1521 quana
592 1440 702 1502 evitare
721 1439 779 1502 duo
799 1448 911 1502 veteres
929 1437 1145 1521 imperatores

201 1536 274 1598 utile
287 1534 434 1613 arbitrati,
449 1555 533 1599 suam
549 1538 673 1599 classem
685 1545 915 1619 suppresserunt
930 1537 989 1618 (t).
1009 1536 1048 1600 At
1060 1537 1124 1615 iiie,

201 1631 359 1694 temeraria
377 1652 449 1696 usus
467 1633 601 1710 ratione,
620 1652 680 1699 non
699 1633 956 1700 ccssitmaiorum
976 1643 1051 1698 natu
1068 1645 1127 1698 au·

199 1729 339 1790 ctoritati:
359 1737 400 1806 et,
421 1736 453 1791 ut
471 1730 496 1791 si
514 1729 546 1791 in
565 1749 619 1797 sua
633 1731 702 1792 naui
721 1740 800 1794 essct
815 1730 960 1806 Fortuna,
977 1749 1037 1812 qno
1049 1750 1127 1794 con-⁴

199 1824 334 1888 tenderat
352 1827 498 1908 pervenit3
512 1827 680 1909 eodemque
697 1836 731 1890 ut
747 1838 954 1909 sequerentur,
970 1829 1010 1891 ad
1024 1828 1125 1893 Timo·

199 1921 301 1985 theom
332 1931 362 1987 et
382 1923 561 2005 Iphicratcm
585 1925 728 1988 nuncium
758 1925 851 1988 misit.
882 1925 958 1988 Hinc
983 1928 1063 1990 mate
1090 1945 1124 1990 re

198 2028 291 2098 gesta,
312 2023 516 2103 compluribus
535 2022 652 2086 amissis
675 2022 816 2099 nauibus,
837 2023 943 2086 eodem
960 2024 1042 2087 unde
1059 2034 1125 2088 erut

198 2117 348 2197 profectus
364 2136 397 2207 se
414 2119 539 2200 recepit,
563 2119 724 2201 literasque
742 2117 871 2183 Athenas
890 2119 1009 2201 publice
1028 2121 1127 2197 misit,

196 2214 253 2277 sthi
265 2215 395 2294 proclive
413 2217 511 2296 ‘suisne
527 2216 650 2280 Samum
671 2233 791 2297 cupere,
814 2216 911 2279 nisio
932 2217 1078 2281 timotheo
1090 2224 1126 2281 ct

197 2312 341 2389 Iphicrate
359 2313 490 2376 domtus
510 2321 590 2376 esset.
617 2313 661 2377 Oh
680 2333 746 2376 eam
768 2333 832 2377 rem
847 2314 877 2376 in
897 2314 1012 2376 crimen
1031 2333 1126 2378 roca·

119 2406 316 2501 ..cubam
336 2407 467 2488 Populus
492 2428 578 2486 acer,
597 2411 753 2491 suspicax,
772 2410 904 2486 mobilis,
922 2411 1121 2489 aduersarius,

198 2503 315 2573 invidus
332 2505 421 2567 ctiam
451 2505 620 2586 potentiae,
645 2508 766 2569 domum
794 2515 923 2570 revocat:
944 2519 1124 2574 accusantur

196 2600 386 2681 proditionis.
406 2600 468 2663 Hoc
493 2603 604 2677 iudicio
626 2605 784 2667 damnatur
808 2604 998 2682 Timotheus,
1024 2606 1123 2689 iisque

90 2688 93 2693 '
196 2697 260 2760 eius
274 2698 448 2760 aestimatur
465 2709 584 2761 centurn
601 2701 718 2764 talentis
737 2702 797 2783 (h).
816 2700 880 2779 lile,
900 2702 968 2765 odiu
983 2702 1121 2782 ingratae

195 2794 323 2858 civitatis
342 2805 475 2874 coactus,
494 2794 662 2861 Chalcidem
682 2799 729 2881 (3)
747 2817 779 2861 se
791 2798 929 2862 contulit.

236 2890 285 2955 tv.
305 2891 399 2954 Huius
425 2900 491 2974 post
518 2903 665 2972 mortem,
689 2913 756 2959 cum
783 2896 925 2977 poputum
944 2895 1050 2958 iudicii
1073 2896 1122 2960 sui

195 2989 373 3069 poeniteret,
403 2991 531 3053 mulctae
555 3009 661 3055 norem
680 3000 778 3073 partes
803 2990 941 3068 detraxit,
960 3000 990 3053 et
1014 2991 1120 3057 decem

223 3177 255 3234 tt)
270 3179 351 3226 Procul
366 3194 380 3227 a
397 3181 464 3229 litore
486 3183 666 3242 continuerunt,
681 3183 708 3228 ot
731 3194 761 3229 uc
783 3182 807 3229 rt
822 3183 963 3243 tempestatts
977 3183 1120 3246 tlttderehrra

193 3252 376 3306 suppresserunt,
388 3249 421 3294 nit
435 3251 525 3309 noster,
543 3250 615 3296 ducta
629 3250 767 3310 metaphora
782 3249 811 3295 ah
823 3251 917 3311 auriga,
937 3251 980 3309 qut
993 3255 1122 3314 supprimit

192 3309 303 3371 habenas,
318 3312 359 3359 uhi
373 3327 450 3372 equos
463 3319 589 3363 constatura
604 3318 667 3363 velit.

220 3377 253 3435 [21
269 3378 350 3426 Ferme
364 3382 462 3441 thudun
472 3382 574 3442 [ronchu
588 3383 622 3430 ct.
637 3383 743 3430 urrunnu
758 3382 798 3428 ut
812 3394 866 3442 cap.
879 3383 920 3430 tri.

222 3446 254 3503 td)
270 3447 352 3493 Urbem
367 3447 477 3496 Euhadne
490 3452 570 3512 eaput,
584 3462 648 3510 quoa
661 3462 725 3498 nunc
740 3449 889 3510 Ncprcpocts,
904 3449 996 3510 codam,
1009 3455 1122 3510 quauta

190 3515 276 3573 intuta,
291 3515 386 3560 nomine
398 3517 535 3574 appellatur.
