2452 3938
515 239 663 285 vinoneorv
761 242 767 257 ’
985 226 1047 290 lat

123 337 219 392 sertas
237 328 349 392 videret
371 329 430 410 (l),
447 330 623 412 conquisivit
641 351 716 413 quos
728 332 835 412 potuit3
853 334 981 414 primum
1000 333 1046 397 Si-

122 429 224 505 culos3
243 427 352 490 deiude
364 426 506 490 Corintho
523 427 675 490 arcessivit
693 431 829 506 colonos,
849 431 929 511 quod
943 432 981 494 ab
999 431 1046 494 bis

123 524 210 586 initio
220 522 380 606 Syracusae
393 533 479 586 eraut
489 525 625 588 conditae
633 525 692 606 (2).
704 525 823 590 Civibus
833 527 980 590 veteribus
992 547 1047 590 sua

98 621 266 699 restituit3
290 621 373 683 novis
391 620 469 683 bello
496 622 680 700 vacuefactas
704 625 906 705 possessiones
928 624 1044 702 divisit3

123 719 242 781 urbium
259 718 379 782 moenia
396 719 534 795 disiecta,
553 707 681 800 lanaque
709 720 806 783 deleta
831 721 952 800 relcci13
971 720 1046 784 civi·

123 816 235 879 tatibus
249 817 328 894 leges
346 816 576 898 libertatemque
593 816 731 879 reddidit.
759 817 802 882 Ex
821 818 948 881 maximo
968 819 1045 882 bello

123 923 238 976 tantum
258 914 350 975 otium
370 912 417 994 (3)
437 913 488 976 toti
507 913 623 976 insulae
646 913 833 992 conciliavit,
852 924 886 977 ut
905 915 953 977 bic
970 933 1045 978 con-

121 1010 203 1072 ditor
216 1010 334 1073 urbium
350 1028 464 1085 earum,
479 1028 538 1072 non
552 1011 608 1088 illi,
624 1010 676 1093 qui
687 1010 772 1073 initio
786 1011 968 1074 deduxerunt
983 1011 1043 1093 (d),

122 1107 284 1171 videretur.
314 1108 419 1170 Arcem
444 1105 614 1188 Syracusis,
640 1127 729 1190 qnam
748 1108 914 1171 muniverat
933 1109 1045 1190 Diony·
1125 1113 1127 1122 '

122 1205 186 1267 sius
200 1204 235 1267 ad
251 1204 354 1266 urbem
376 1203 581 1280 obsidendam,
601 1222 620 1266 a
637 1204 840 1267 fundamentis
855 1203 983 1282 disiecit;
998 1222 1046 1266 ce-

125 1311 187 1365 tera
204 1301 375 1384 ‚tmanniois
400 1302 620 1382 propugnacula
639 1301 797 1364 demolitus
819 1309 881 1379 est,
905 1299 1045 1383 deditque

123 1416 257 1481 operam,
274 1407 410 1479 utquam
428 1397 551 1460 minime
570 1398 662 1460 multa
680 1398 801 1477 vestigia
819 1397 968 1461 servitutis
985 1415 1046 1459 ma·

123 1504 228 1559 nerent
242 1495 301 1577 (5).
321 1494 393 1558 Gum
420 1495 509 1558 tantis
527 1504 605 1557 esset
628 1495 754 1577 opibus,
778 1504 812 1558 ut
833 1495 922 1557 etiam
946 1493 1046 1557 invitis

122 1594 271 1674 imperare
291 1600 407 1674 posset,
426 1600 540 1656 tantum
561 1599 660 1655 autem
679 1590 803 1656 baberet
827 1609 958 1654 amorem
977 1609 1046 1653 om-

123 1689 208 1753 nium
226 1686 408 1765 Siculorum,
427 1697 472 1767 ut,
492 1689 574 1750 nullo
588 1698 756 1766 recusante,
777 1706 902 1767 regnum
924 1688 1046 1751 obtine·

123 1795 181 1863 ret,
202 1786 306 1849 maluit
322 1804 355 1849 se
372 1785 455 1866 diligi
470 1805 560 1869 quam
578 1787 672 1849 metui
690 1785 750 1867 (d).
767 1785 882 1866 ltaque,
900 1803 969 1846 cnm
984 1785 1045 1867 pri·

123 1903 204 1947 mum
223 1884 331 1966 potuit,
355 1883 513 1964 imperium
531 1883 669 1964 deposuit
683 1896 712 1945 et
733 1882 866 1964 privatus
879 1880 1043 1962 Syracusis,
1073 1921 1077 1925 -

113 1980 203 2063 *qnod
217 1980 365 2062 reliquum
384 1980 461 2043 vitae
475 1979 542 2058 luit,
557 1979 637 2042 vixit.
657 1978 759 2060 Neque
776 1997 845 2042 vero
863 1977 894 2040 id
908 1977 1045 2059 imperite

124 2078 204 2140 lecit.
224 2075 297 2139 liam
322 2078 402 2160 qnod
426 2077 517 2141 ceteri
538 2095 621 2156 reges
647 2070 772 2158 imperio
797 2076 844 2138 vix
865 2083 1044 2156 potuerunt,

124 2175 172 2239 lric
185 2173 393 2236 benevolentia
410 2175 516 2237 tenuit.
535 2173 639 2236 Nullus
657 2173 751 2236 honos
770 2173 839 2237 huic
863 2173 967 2235 deluit:
987 2191 1043 2235 ne·

123 2290 183 2354 que
199 2280 302 2354 postea
319 2269 471 2353 Syracusis
485 2289 533 2334 res
547 2271 608 2333 ulla
620 2280 701 2349 gesta
719 2264 764 2334 est
777 2270 913 2353 publica,
933 2270 1046 2351 deque

124 2369 208 2450 prius
230 2368 269 2431 sit
289 2367 464 2446 decretum,
494 2386 583 2450 quam
601 2366 800 2449 ,Timoleontis
823 2368 970 2431 sententia
990 2370 1045 2430 co'-

123 2465 217 2544 gnita.
231 2463 347 2528 Nullius
364 2484 496 2549 unquam
512 2464 670 2528 consilium
688 2484 749 2527 non
764 2465 852 2528 modo
868 2465 1042 2543 antelatum,

123 2561 175 2624 sed
193 2579 232 2623 ne
244 2569 450 2643 comparatum
460 2561 582 2644 quidem
599 2571 655 2625 est.
676 2560 778 2645 Neque
789 2562 822 2626 id
837 2563 931 2644 magis
949 2562 1045 2626 bene-

125 2657 253 2719 volentia
271 2658 380 2720 factum
400 2666 456 2736 est,
474 2678 562 2741 quam
582 2659 750 2742 prudentia.

156 2849 186 2908 (l)
203 2849 267 2896 lden
289 2850 327 2911 ut,
341 2850 400 2897 teste
414 2850 555 2911 Plutarcho,
579 2852 634 2909 equl
658 2853 807 2911 pascerentur
830 2851 928 2900 ludoro'
952 2863 1047 2912 syracu-

126 2927 189 3040 Ἥ
203 2982 344 3030 condldcrat
360 2983 451 3030 Archias
468 2983 600 3030 corinthius
614 2995 642 3029 ex
656 2983 827 3032 Heraclidarmn
844 2987 963 3045 progente,
983 2998 1048 3034 anns

129 3051 182 3096 ante
197 3049 313 3096 cbrlstum
324 3052 435 3099 nccuvnl.

158 3118 188 3176 (ὅ)
202 3118 236 3165 lta
250 3120 374 3167 commoda
388 3119 500 3181 intellige,
518 3131 579 3178 quae
593 3116 686 3177 clvlbus
699 3119 767 3178 liunt,
783 3130 856 3177 quum
871 3120 907 3165 eat
925 3120 1001 3167 otium
1016 3121 1047 3168 sb

129 3186 292 3314 mmmmm
308 3253 411 3300 colonias
426 3256 450 3302 et
463 3255 530 3301 loilla
544 3254 610 3301 urbls
624 3253 798 3301 constltuerant.

161 3319 190 3377 (tl
206 3321 264 3368 llale
285 3322 305 3367 Ε
320 3324 406 3368 diedesi
430 3328 530 3384 atterere,
543 3324 628 3383 perciti
652 3327 806 3369 rimnnrcsero
820 3322 840 3368 lc
854 3324 941 3368 minora·
955 3325 1048 3376 trucci«.

130 3387 171 3433 obe
185 3390 207 3434 at
218 3393 314 3449 poterae,
330 3391 367 3435 dcl
381 3392 431 3435 loro
442 3397 539 3438 servire.

160 3455 191 3516 (6)
206 3456 291 3502 Εουίη
305 3455 362 3504 illud
377 3459 428 3515 tyro
429 3469 505 3497 ooooo
508 3470 537 3501 ms
553 3459 645 3504 odertnt
660 3459 716 3505 dum
730 3463 841 3504 metuant.
