2452 3938
201 243 254 309 ··38
594 254 756 314 rossanus

212 376 291 442 qnae
308 359 477 442 pollicetur.
501 359 533 426 Si
551 362 672 441 iecerit,
693 364 805 426 nullius
827 365 872 428 rei
897 386 915 428 a
933 383 965 430 se
989 367 1145 450 repulsam

213 463 354 525 laturum.
372 457 474 522 Huius
488 459 651 524 Pausanias
674 461 826 546 voluntate
843 462 985 544 cognita,
1011 468 1143 534 alacrior

134 588 136 593 ·
212 556 251 618 ad
275 572 344 618 rem·
368 558 528 635 gerendam
546 559 664 636 iactus,
683 559 715 622 in
733 561 933 643 suspicionem
953 566 1061 629 cecidit
1078 566 1142 631 La·

211 652 484 718 ccdaemoniorum.
504 655 538 717 In
553 675 612 738 quo
629 656 707 720 iacto
726 657 847 721 domum
861 671 1030 741 revocatus,
1051 684 1140 730 accu-

210 759 293 814 satus
315 751 443 832 capitis,
469 752 656 833 absolvitur3
685 755 845 819 mulctatur
867 766 967 823 tamen
990 763 1140 842 pecunia:

210 867 300 931 quarn
319 848 357 910 ob
377 868 498 912 causam
513 850 550 912 ad
569 851 694 914 classem
712 852 857 916 reinissus
877 867 1007 919 nonest.

251 948 304 1012 III.
323 948 361 1011 At
372 948 433 1025 ille,
453 953 520 1029 post
530 966 591 1010 non
610 949 716 1024 multo,
729 969 784 1012 sua
797 946 903 1031 sponte
921 954 958 1016 ad
973 956 1139 1020 exercitum

208 1047 310 1124 rediit,
333 1045 416 1108 etibi
431 1064 492 1108 non
506 1045 625 1123 callida,
643 1047 693 1109 sed
714 1046 846 1111 dementi
864 1046 992 1129 ratione,
1009 1053 1141 1133 cogitata

209 1144 362 1228 patefecit.
387 1141 451 1206 Non
477 1143 558 1205 enim
578 1162 677 1208 mores
702 1145 814 1227 patrios
840 1147 950 1224 solum,
973 1149 1138 1214 sedetiam

209 1243 322 1305 cultum
341 1240 552 1323 vestitumque,
568 1241 703 1304 mutavit.
719 1241 871 1324 Apparatu
887 1245 968 1324 regio
982 1246 1136 1328 utebatur;

208 1349 289 1404 ueste
306 1340 423 1402 medica
436 1338 496 1419 (i):
512 1338 656 1419 satellites
672 1335 749 1400 Medi
766 1347 796 1401 et
813 1340 947 1422 Aegyptii
968 1344 1139 1424 sequeban-

208 1449 273 1503 tur:
294 1437 472 1520 epulabatur
489 1450 571 1495 morc
588 1426 758 1510 Persarum,
777 1435 958 1499 luxuriosius
973 1458 1063 1519 quam
1085 1443 1138 1525 qui

208 1536 332 1598 aderant
345 1533 397 1615 (i)
416 1531 531 1614 perpeti
550 1538 682 1612 possent:
703 1530 816 1593 aditum
834 1534 1005 1614 petentibus
1024 1557 1136 1602 conve-

208 1633 311 1696 niendi
329 1651 390 1694 non
411 1630 517 1693 dabat:
536 1628 665 1711 superbe
682 1629 894 1711 respondebat,
921 1642 951 1694 ct
974 1635 1138 1700 crudeliter

207 1729 385 1812 imperabat:
405 1725 542 1809 Spartam
557 1725 657 1788 redire
670 1726 801 1789 nolebat.
822 1726 958 1806 Gotones,
980 1731 1032 1811 qui
1051 1732 1136 1798 locus

207 1829 239 1890 in
262 1845 332 1906 agro
360 1825 484 1889 Troadis
501 1834 558 1904 est,
582 1842 615 1886 se
634 1824 817 1903 contuleram
837 1824 881 1887 ibi
907 1827 1044 1907 consilia,
1064 1849 1135 1894 cum

207 1924 333 2009 patriae,
353 1928 415 1986 tum
431 1922 489 1985 sibi
506 1923 641 1998 inimica,
657 1920 803 2003 capiebat.
820 1919 852 1982 ld
867 1932 1026 2005 postquam
1041 1914 1136 1990 Lace·

207 2021 359 2108 daemonii
375 2020 570 2098 resciverunt,
590 2021 702 2098 legatos
721 2018 759 2081 ad
783 2037 851 2107 enm
870 2039 937 2083 cum
957 2023 1066 2103 scytale
1085 2024 1134 2106 (3)

208 2117 367 2196 miserunt,
382 2117 414 2180 in
431 2136 502 2199 qua,
522 2135 605 2179 more
619 2116 752 2194 illorum,
765 2125 828 2179 erat
839 2116 995 2198 scriptum,
1007 2119 1067 2181 nisi
1081 2121 1135 2183 do·
1205 2154 1208 2158 ⁴

209 2234 291 2279 mum
309 2225 527 2291 reverteretur,
555 2232 587 2276 se
615 2212 721 2295 capitis
740 2230 809 2275 eum
835 2208 1038 2278 damnaturos.
1070 2215 1134 2282 Hoc

240 2415 272 2472 (t)
287 2400 350 2463 Medi
364 2414 462 2462 moltitie
485 2415 509 2461 et
526 2414 585 2460 luxu
600 2409 746 2473 labefactati,
761 2413 840 2460 seculo
861 2416 926 2460 sexto
944 2413 1000 2461 anta
1018 2416 1135 2467 christum

210 2484 298 2543 natum,
310 2485 335 2528 in
350 2483 470 2531 Persarum
485 2483 597 2529 ditionem
612 2484 779 2543 concesserant,
794 2483 879 2540 quibus
893 2483 962 2528 aomo
976 2484 1134 2550 imperarent3

208 2553 250 2600 sed
258 2553 339 2598 Persae
347 2562 456 2609 quoqne,
466 2550 568 2597 deusne
578 2551 653 2607 gentis
663 2549 766 2597 moribus
781 2549 944 2606 illecebrisque
959 2555 1063 2612 corrupti
1071 2561 1134 2612 sunt,

210 2625 270 2672 ilinc
285 2623 366 2668 Graeci
380 2620 462 2665 Perses
483 2629 511 2663 ac
526 2617 605 2664 Medos
624 2620 752 2677 promiscue
769 2617 934 2677 memorabant,
953 2619 994 2665 ubi
1007 2620 1037 2666 de
1052 2625 1134 2683 aitqua

209 2703 236 2740 re
252 2690 354 2737 molliter
367 2689 392 2734 et
404 2689 489 2744 ignare
497 2685 558 2731 iacta
571 2696 649 2731 sermo
663 2683 752 2731 inisset.

239 2759 271 2816 (2)
283 2759 339 2806 Nam
350 2755 455 2802 convivia
469 2754 644 2814 Spartanorum,
659 2753 729 2799 mbae
749 2753 854 2799 ceterum
873 2750 1019 2813 imgaiitatis,
1037 2757 1134 2815 publica

210 2828 284 2876 erant.

242 2898 272 2955 (5)
294 2895 383 2941 Graeca
403 2903 460 2948 vox:
476 2891 619 2937 enatantem
638 2887 748 2948 epistolas
771 2888 892 2948 proprium
907 2888 1025 2944 quoddam
1041 2893 1135 2942 (transis

210 2976 293 3021 genus.
309 2961 408 3009 surculo
425 2960 495 3006 tereti
514 2970 541 3004 ac
554 2959 628 3018 potito
639 2955 735 3020 fasciola
746 2957 813 3016 petiis
824 2958 862 3003 ret
874 2968 1026 3016 pergamenae
1034 2961 1136 3020 simpltct

212 3031 331 3077 volumine
341 3029 375 3074 ita
390 3026 627 3085 cncumvnlvebatur‚
643 3025 670 3070 ut
683 3024 733 3070 eius
748 3023 887 3068 adamussim
900 3024 1021 3070 iuncturae
1036 3028 1135 3078 conant.

210 3097 293 3144 Postea
304 3107 360 3141 vero
379 3106 422 3153 per
441 3093 584 3138 transversos
604 3089 713 3136 fasciolae
728 3090 854 3149 iuncturas,
869 3100 930 3146 quae
944 3091 1030 3149 scripta
1041 3099 1135 3153 oporte.

211 3166 273 3225 rent,
287 3176 302 3209 a
316 3174 407 3210 summo
422 3161 453 3207 od
463 3163 535 3206 imum
549 3158 689 3213 exorabant:
705 3158 867 3217 explicataque
882 3154 985 3218 insciolo,
999 3160 1077 3218 inqua
1092 3165 1135 3223 nii,

212 3235 258 3282 nisi
272 3233 293 3277 tr
326 3243 367 3278 cae
382 3231 554 3291 dissipatasque
577 3229 706 3273 litterarum
728 3226 833 3285 formae,
848 3225 985 3284 adpareret,
1001 3228 1136 3288 imperatori

211 3299 307 3346 mittebat
354 3299 412 3345 cum
428 3299 505 3342 autem
520 3293 558 3340 bic
573 3294 637 3340 solus
652 3294 701 3354 pari
713 3291 865 3340 crassitudine
881 3294 905 3338 et
919 3291 998 3341 indole
1012 3299 1135 3344 surculum

211 3367 321 3428 haberet,
335 3377 384 3424 quo
405 3364 524 3411 insciolam
549 3363 578 3408 ad
596 3363 718 3421 pristinum
733 3360 924 3408 circumvolveret
938 3361 1049 3424 modum,
1064 3365 1143 3415 tiebat

209 3426 318 3494 omnino,
333 3434 360 3480 ut
374 3433 445 3480 nuliis
459 3432 534 3478 ocutis
551 3429 663 3488 usurpata
677 3429 784 3476 eddium
798 3431 957 3488 magistratum
971 3433 1068 3492 imperta
1082 3447 1137 3495 per·

209 3503 324 3550 uenirent.
