2452 3938
432 272 441 293 ‚
495 229 651 275 morianas
998 217 1036 281 ll

153 323 202 386 ii'.
222 322 328 385 Darius
350 332 462 401 autem,
483 342 549 385 cum
572 342 606 385 ex
623 323 743 405 Europa
761 325 791 386 in
805 325 906 388 Asiam
926 325 1116 389 retiis-am

111 435 156 485 set
175 421 235 503 (i),
248 420 434 483 hortantibus
453 420 556 482 amicis
565 420 625 501 (ἓ),
637 431 669 483 ιιι
677 420 831 485 Graeciam
849 422 993 502 redigeret
1006 424 1037 486 in

112 537 197 582 suam
220 525 408 599 potestatem,
427 519 550 579 classem
571 520 798 598 quingentarum
813 518 932 582 narium
952 538 1036 582 com·

113 616 238 698 paravit,
257 613 344 696 eique
362 613 458 676 haiim
472 615 616 695 praefecit
630 624 659 678 et
673 615 888 697 Artaphernem
902 616 961 698 (3);
976 617 1037 678 his·

112 733 171 797 que
186 713 314 777 ducenta
331 710 464 791 peditum
492 711 584 773 millia
602 720 633 774 et
658 712 761 775 decem
781 713 915 794 equitum
935 713 1032 776 dedit:

112 827 232 873 causam
244 808 439 885 interserens,
452 826 484 870 se
494 808 607 871 hostem
620 827 685 871 esse
695 809 941 887 Atheniensibus,
955 812 1033 892 quod

112 926 216 971 eorum
243 905 353 969 auxilio
371 904 457 968 lones
474 901 582 966 Sardes
599 904 646 985 (l)
669 915 897 986 expugnassent,
921 926 1039 990 suaque·

112 1004 260 1086 praesidia
282 1002 509 1066 interfecissent.
536 999 582 1062 llli
607 1002 747 1083 praelecti
773 1003 858 1082 regii,
886 1005 979 1067 classe
998 1002 1032 1066 ad
1042 1043 1065 1082 .,
1073 1034 1114 1080 500

111 1101 264 1166 Euboeam
280 1101 328 1181 (5)
342 1100 478 1182 appulsa,
492 1097 628 1165 celeriter
641 1098 786 1162 Eretriam
804 1109 957 1181 ceperunt,
975 1120 1036 1163 om·

111 1218 225 1282 nesque
246 1198 311 1261 eius
328 1197 424 1276 gentis
442 1197 520 1259 cives
538 1197 676 1277 abreptos
697 1196 728 1257 in
753 1195 854 1258 Asiam
872 1197 908 1259 ad
933 1216 1033 1276 regem

112 1299 268 1361 miserunt.
284 1295 356 1359 Inde
375 1295 410 1357 ad
427 1294 554 1357 Atticam
573 1301 772 1371 accesserunt,
792 1312 826 1356 ac
844 1313 912 1357 suas
931 1295 1032 1374 copias

112 1397 142 1457 in
161 1412 298 1476 campum
322 1392 494 1455 Marathona
511 1391 706 1455 deduxerunt.
726 1390 754 1453 ls
776 1391 859 1454 abest
885 1391 922 1454 ab
942 1392 1031 1473 oppi-

112 1496 149 1554 do
169 1491 217 1572 (b)
238 1489 357 1551 circiter
371 1489 463 1551 millia
475 1507 615 1571 passuum
630 1488 745 1551 decem.
757 1486 818 1550 iloc
841 1488 971 1551 tumultu
983 1489 1030 1568 (i)

111 1589 306 1652 Athenienses
328 1597 386 1648 tam
416 1584 583 1667 propinquo
611 1592 731 1665 tamque
757 1603 862 1666 magno
891 1587 1029 1666 permoti,

110 1672 252 1747 auxilium
281 1703 427 1766 nusquam
453 1683 546 1745 nisia
571 1681 815 1746 Lacedaemoniis
840 1683 1029 1765 petiverunt3

111 1782 380 1865 Philippidemque‚
404 1799 554 1844 cursorem
577 1780 642 1842 eius
669 1781 798 1858 generis,
823 1779 873 1861 qui
890 1779 1031 1842 hemero-

110 1881 206 1942 dromi
220 1881 267 1961 (8)
285 1888 438 1955 vocantur,
453 1877 705 1940 Lacedaemonem
725 1877 879 1955 miserunt,
899 1885 932 1938 ut
950 1895 1030 1937 nun·

141 2037 171 2096 (ll
184 2038 310 2095 Octoginta
325 2035 446 2082 hominum
462 2035 566 2080 millibus
576 2035 600 2079 ln
615 2046 644 2080 eo
659 2034 722 2080 bello
734 2037 814 2080 contra
829 2034 926 2081 liberam
938 2035 1029 2090 gentem

109 2109 244 2233 amliisisriter
256 2186 316 2233 quos
328 2174 424 2234 iiipplas
435 2176 485 2233 qui,
495 2176 612 2230 tamquam
625 2173 735 2230 tyrannus
747 2171 776 2216 ab
788 2170 967 2217 Atheniensibus
978 2173 1031 2231 pul·

109 2255 155 2301 sira,
170 2243 264 2290 barium
279 2244 380 2290 stimulis
394 2254 477 2299 urgere
491 2253 538 2286 non
554 2241 649 2300 destitit,
664 2240 741 2285 donec
757 2240 803 2285 hoc
818 2238 905 2285 bellum
921 2240 1029 2301 paratel3

109 2311 157 2367 ipse
173 2321 229 2356 rero
240 2311 265 2355 iu
280 2309 427 2355 marathonia
442 2319 520 2367 pugna
536 2309 598 2366 turpi
613 2309 687 2353 morte
703 2307 837 2365 procubuit.

138 2376 171 2435 (ὅ)
185 2376 212 2422 tii
226 2377 333 2435 satrapae
347 2373 431 2433 luere,
446 2377 494 2420 sive
510 2374 626 2433 praesides
642 2374 822 2434 provinciarum,
845 2372 932 2430 quibus
947 2372 976 2418 ad
991 2385 1029 2419 re·

108 2447 167 2502 giam
182 2446 328 2504 potestatem,
340 2442 372 2488 nil
383 2444 529 2503 plerumque,
547 2443 591 2488 nisi
606 2454 707 2503 nomen,
727 2442 823 2488 deesset.
838 2441 880 2486 illc
895 2453 951 2487 vero
966 2443 1028 2486 Arla-

107 2513 207 2571 phernes
220 2512 292 2558 irater
306 2512 368 2556 Darii
383 2511 440 2557 erat.
793 2516 796 2523 ’

137 2580 170 2658 (t)
185 2581 268 2626 tirbern
283 2578 367 2637 Lydiae
379 2580 458 2639 caput,
470 2578 500 2624 ad
516 2578 632 2624 Pactolum
649 2578 745 2636 flumen,
761 2579 831 2635 alque
847 2577 924 2623 Tmoli
942 2579 1028 2623 montis

106 2647 259 2773 niiicleirisula
270 2716 341 2762 maris
354 2716 441 2775 Aegaei,
456 2726 516 2772 quae
532 2712 674 2771 Neproponie
688 2713 878 2760 crecentiorihua
888 2714 1026 2773 appellatur:

107 2778 195 2827 iretria
210 2795 266 2829 vero
279 2785 385 2844 princeps
399 2783 487 2828 insulae
503 2781 574 2841 urba,
591 2793 651 2838 quae
671 2782 772 2840 septimo
787 2782 966 2840 oppugnationis
981 2780 1026 2842 die,

107 2849 143 2894 rel
160 2852 237 2910 tertio,
249 2853 275 2896 ut
287 2851 328 2895 alii
344 2851 442 2908 malunt,
456 2849 486 2895 ab
497 2848 626 2908 Euphorbo
644 2848 746 2905 quodem
761 2849 784 2892 et
800 2847 904 2904 Philagro
919 2846 1019 2908 prodita,

105 2919 304 3045 copggsptbidum,
319 2998 392 3042 quum
407 2985 436 3030 de
451 2986 538 3042 insigni
553 2983 611 3030 urbe
626 2995 702 3029 sermo
717 2983 761 3040 ait,
785 2982 812 3028 ut
826 2981 881 3041 hic,
899 2981 940 3027 ubl
956 2981 1024 3028 tihe-

107 3060 150 3099 nte
165 3054 337 3112 intelliguntur,
352 3054 453 3113 optimae
469 3056 538 3099 notae
556 3053 680 3112 scriptores
694 3052 782 3109 rarius,
798 3050 870 3095 immo
884 3061 1024 3108 nunquam,

107 3125 315 3250 reappelpltffiuuum
331 3194 424 3251 proprie
438 3191 526 3236 bellum
540 3189 688 3235 subitaneum
703 3189 777 3248 vocal,
793 3189 817 3233 in
834 3199 883 3244 quo
897 3186 956 3232 nihil
971 3199 1025 3246 pro-

106 3259 194 3317 naum,
213 3259 292 3303 omnia
306 3257 456 3303 festinationis
471 3259 540 3317 plena
557 3259 605 3302 siut
627 3258 651 3303 et
665 3257 755 3302 erroris.
774 3256 812 3299 Sic
832 3254 895 3314 apud
911 3253 1025 3300 Romanos

106 3325 216 3371 hstoriae
231 3328 354 3384 scriptores
368 3325 471 3372 solemne
490 3328 526 3370 est
544 3326 682 3370 irruentium
697 3324 814 3369 Gallorum
835 3322 896 3367 bella
911 3321 1025 3369 tumultus

104 3404 125 3451 η
134 3395 266 3522 &nitriam
281 3475 327 3510 vox
341 3462 371 3509 ab
388 3467 475 3534 ἡμέρα,
486 3461 541 3521 dica²
553 3463 577 3508 et
593 3461 677 3532 tptpa,
689 3472 771 3517 curro3
782 3470 857 3517 genus
868 3458 893 3505 hl
903 3470 1024 3506 cursorum

173 3686 306 3748 aaronita·
327 3687 400 3768 nup.
938 3672 968 3733 “2
