2452 3938
129 260 193 327 llt
511 273 673 322 rcasrunus

128 365 331 436 cedaemouiis
344 383 414 430 cum
425 384 495 445 rege
509 369 695 446 musenim,
711 387 744 431 re
762 376 862 432 autem
879 385 948 433 rere
958 371 997 434 acl
1008 391 1063 434 co·

128 468 195 552 pies
207 462 442 546 comparandas:
462 481 573 545 easque
596 464 767 548 impetrarit
784 465 962 530 trimestres.
976 466 1064 532 iere·

127 566 170 630 rit
186 571 288 628 autem
305 569 450 642 tutemus,
468 579 502 624 se
523 561 590 625 siue
608 563 679 626 dolo
700 564 841 628 inducias
867 575 1064 630 conserente-

126 642 266 728 rumzin
289 676 350 740 qua
371 658 510 739 pactione
526 676 645 723 summa
668 661 731 724 lide
752 661 863 725 mersit
878 662 1061 745 Agesilsns3-

128 768 234 825 contra
251 775 287 821 ee
304 755 519 839 Tissaphernes
535 756 612 820 nihil
629 758 712 821 elini
732 777 822 841 quam
840 760 953 824 bellum
968 774 1063 824 com·

127 854 254 940 pererit.
273 852 306 915 ld
325 851 382 915 etsi
408 853 557 917 sentiebat
584 853 681 933 Meo,
714 864 814 919 tamen
845 857 1059 923 iusiurandum

126 950 267 1017 seruabat
283 950 467 1030 multumne
490 953 526 1014 itt
542 969 576 1015 eo
595 953 736 1032 conceptui
760 970 815 1028 ee,
828 953 959 1033 dicabat,
972 957 1065 1036 'psoae

130 1047 335 1129 tteoptems
351 1049 487 1128 periurio
511 1067 585 1128 soto,
614 1058 641 1114 et
662 1050 795 1114 homiues
811 1051 876 1114 suis
898 1053 989 1116 reios
1007 1056 1064 1117 ob-

126 1148 282 1223 alienaret,
300 1155 327 1210 et
344 1148 412 1210 cleos
423 1149 481 1212 sibi
507 1149 601 1212 botos
624 1149 759 1211 redonet
765 1171 780 1222 ,·
796 1165 826 1210 ee
851 1158 969 1228 cotem,
988 1169 1063 1214 scr·

125 1253 194 1311 octo
210 1244 367 1325 ruptone,
387 1247 565 1327 confirmare
582 1246 757 1323 exercitum,
776 1262 844 1308 cum
858 1247 1060 1310 ooimootuer·

125 1351 210 1420 teret,
226 1343 350 1406 morum
363 1360 475 1406 tremere
487 1345 586 1424 fecere
602 1360 701 1406 secum
714 1342 774 1424 (l),
794 1343 984 1423 hominesque
999 1346 1065 1410 sibi

123 1440 283 1506 cmmiliore
300 1440 466 1516 amiciores,
486 1441 563 1518 puool
576 1440 626 1501 lois
641 1441 760 1503 studere
770 1449 967 1519 consuesset,
981 1454 1066 1522 potos

125 1554 300 1602 consumere
317 1538 405 1617 pilleo
421 1536 567 1599 viderent.

164 1633 217 1697 Ill.
234 1633 395 1714 Postquam
415 1632 605 1696 induciarum
624 1632 778 1716 praeteriit
790 1633 872 1712 dies,
891 1626 1060 1716 bernerus,

124 1749 183 1794 non
203 1729 362 1808 dubitans,
382 1730 463 1811 quod
480 1730 576 1812 ipsius
602 1739 686 1794 erent
703 1730 833 1811 plurima
852 1716 1004 1796 domicilia
1022 1734 1058 1798 in

123 1827 209 1892 Caria
221 1827 281 1909 (h),
301 1836 332 1891 et
355 1846 391 1891 ee
407 1827 490 1908 regio
511 1827 557 1891 his
576 1826 760 1910 tremoribus
780 1820 873 1891 mullo
890 1830 1073 1910 putabatur·

125 1925 380 2007 locupletissima,
403 1943 439 1989 ee
457 1926 646 2007 potissimum
663 1924 762 1987 hostes
785 1925 936 2007 impetum
956 1927 1059 1993 lactu·
1101 1913 1109 1927 ⁹

124 2041 185 2101 ros,
201 2041 305 2087 omnes
325 2042 395 2086 suas
410 2023 513 2104 copias
531 2043 566 2087 eo
582 2029 780 2087 contraxerat.
795 2021 833 2085 ht
845 2022 1001 2102 ¹Agesilaus
1019 2026 1066 2092 in

122 2120 276 2202 Phrygiam
287 2121 334 2203 (3)
363 2138 395 2184 se
424 2122 589 2198 conuertit,
608 2137 736 2202 eamque
752 2120 835 2202 prins
854 2120 1059 2203 depopulatus

123 2226 186 2296 est,
205 2236 296 2301 quem
314 2217 528 2300 Tissaphernes
556 2235 683 2300 usquam
714 2235 747 2280 se
777 2227 919 2281 mereret.
946 2216 1058 2297 lingna

122 2315 233 2399 pracda
255 2315 402 2379 militibus
427 2316 632 2398 locupletatis,
652 2315 803 2396 Ephesum
819 2313 867 2396 (l)
885 2313 1055 2380 hiematum

124 2412 285 2477 exereitum
300 2413 438 2477 reduxit:
459 2422 549 2495 atque
565 2411 608 2474 ihi
626 2411 767 2475 officinis·
785 2426 938 2474 armorum
958 2411 1061 2476 insti-

123 2510 214 2588 tutis,
228 2526 336 2591 meroe
356 2510 503 2575 industrio
524 2509 639 2572 bellum
656 2508 827 2590 apparavit-3
848 2517 892 2587 et,
910 2526 969 2590 quo
986 2518 1069 2573 stu-··

123 2607 238 2671 diosius
255 2615 442 2671 armarentur
474 2606 682 2687 insigniusque
700 2613 893 2684 ornarentur,
912 2607 1051 2688 praemis

122 2703 297 2788 proposuit,
328 2703 438 2786 quibus
462 2704 662 2778 donarentur,
682 2719 810 2783 quorum
827 2701 945 2782 egregia
962 2702 995 2765 in
1011 2720 1069 2767 ea·

121 2820 155 2867 re
174 2803 279 2867 luisset
295 2800 453 2865 industria.
473 2800 556 2865 Fecit
574 2801 654 2864 idem
673 2799 705 2862 in
727 2799 974 2863 exercitationum
993 2818 1053 2879 ga-

123 2982 206 3033 genus,
221 2970 264 3030 qul
279 2982 293 3018 a
307 2967 460 3017 horlemlbus
471 2967 571 3028 suhecll,
587 2979 636 3023 nen
651 2966 720 3027 serrl,
733 2967 776 3014 secl
790 2967 868 3014 lemen
880 2965 941 3012 loire
954 2967 1054 3016 lllorunr

123 3039 258 3097 dlgnhrtsm
274 3036 431 3095 habebrulur,
445 3037 487 3095 uui
496 3037 624 3098 Spartiatae
638 3036 735 3096 proprio
750 3036 845 3081 nemine
863 3033 1053 3096 appellarentum

121 3108 165 3155 red
178 3107 225 3155 boc
240 3106 365 3157 (Μαι
381 3115 429 3151 uer
440 3103 530 3162 ubique
543 3105 668 3151 serratum.

153 3174 188 3233 (l)
202 3175 259 3225 liele
275 3172 383 3223 Vellem
394 3184 450 3218 oser
463 3172 529 3219 riclle
538 3185 580 3217 ruo
595 3172 630 3230 pll
639 3172 689 3230 Det,
701 3172 747 3217 elc.

153 3240 185 3301 l²l
201 3242 317 3291 almuse
331 3242 499 3303 porremlouse3
511 3242 575 3288 cerie
589 3242 667 3288 autem
682 3238 726 3286 lult
736 3239 802 3285 Asiae
815 3239 912 3287 minorls
926 3239 1053 3297 proulnele

121 3310 307 3359 blesillam
322 3309 498 3369 elcayrtrlrum
512 3309 601 3357 uuum.
760 3314 764 3323 '

202 3380 265 3427 enee
278 3376 377 3425 mineris
391 3377 545 3437 peculum,
557 3378 638 3424 carim
647 3375 802 3436 superiorem.

222 3448 318 3495 meunt
329 3444 385 3493 urbs
404 3442 452 3493 lull
466 3445 492 3491 lu
506 3445 559 3493 Λεία
568 3444 659 3492 mlucre
671 3444 702 3490 sol
720 3444 807 3491 ostium
829 3442 933 3504 Caystri,
959 3440 1051 3492 nuere

226 3512 437 3593 merrae.
