2452 3938
521 241 682 289 nocerinus
1008 229 1069 313 lfl

137 332 227 412 duce,
247 332 443 412 cecidissent,
458 351 555 416 coque
572 334 650 397 facto
669 352 740 420 opes
759 334 996 399 aduersariorum
1012 337 1068 401 de·

136 431 272 495 bilitatae
289 430 479 509 uiderentur,
499 439 616 495 tantum
634 431 730 495 abfuit
753 431 790 493 ab
822 433 983 497 insolentia
1001 435 1070 514 glo·

138 529 215 607 riae,
231 535 265 592 ut
279 528 508 591 commiseratus
526 528 566 591 sit
582 529 733 593 fortunam
745 526 898 607 Graeciae,
914 531 994 612 quod
1008 538 1069 593 tam

141 626 230 689 multi
248 645 267 688 a
283 643 317 689 se
343 625 413 688 victi
436 625 568 706 vitio(l)
588 625 825 689 adversariorum
849 627 1068 690 concidissent:

137 741 270 805 namque
283 722 337 784 illa
350 721 555 799 multitudine,
579 723 605 784 si
624 741 700 787 sana
716 741 801 786 mens
819 730 911 801 esset,
926 721 1069 788 Graeciae

138 819 318 902 supplicium
332 817 440 882 Persas
458 819 531 883 dare
548 819 681 901 potuisse
692 819 753 901 (ἓ).
768 819 850 883 Idem
874 839 942 883 cum
962 819 1070 883 aduer-

139 918 235 982 sarios
248 916 328 979 intra
345 915 465 979 moenia
479 916 689 997 compulisset,
705 925 735 978 et
758 926 791 979 nt
815 915 990 981 Corinthum
1018 935 1071 998 op·

140 1022 310 1103 pugnaret,
329 1013 415 1075 multi
440 1013 644 1090 hortarentur,
674 1013 792 1092 negavit
812 1014 842 1075 id
871 1033 944 1077 suae
966 1013 1069 1077 virtuti

139 1110 317 1175 convenire:
331 1127 361 1173 se
377 1112 457 1174 euim
473 1127 541 1174 eum
558 1128 628 1188 esse,
646 1109 732 1188 dixit,
751 1110 804 1190 qui
814 1111 854 1174 cd
867 1111 1070 1193 officiumpeo-

139 1216 240 1276 cuntes
256 1208 356 1271 redire
373 1215 497 1288 cuperet,
510 1225 572 1270 uon
582 1209 635 1286 qui
651 1209 738 1272 urbes
755 1207 955 1271 nobilissimus
973 1226 1070 1289 eupu-

139 1313 248 1390 puoret
264 1304 417 1369 Graeciae.
433 1305 512 1369 Nom
527 1305 566 1381 si,
583 1304 693 1386 inquit,
712 1322 760 1369 eoo
776 1305 952 1386 cutiuguere
965 1305 1069 1370 uolue-

94 1403 97 1409 '
139 1405 250 1481 rimus,
265 1402 317 1484 gui
334 1403 485 1466 uolucum
499 1403 639 1465 aduersus
651 1403 792 1467 barbaros
810 1410 966 1479 steterunt,
993 1420 1066 1467 uoc-

140 1501 256 1580 mett‘pei
266 1516 320 1562 uos
336 1494 616 1580 expugnaverimus
636 1499 697 1563 iltis
709 1499 757 1581 (3)
772 1499 1000 1578 profanantibus,-
1013 1517 1070 1580 quo

141 1599 220 1680 {acto
239 1597 305 1673 siue
318 1596 446 1678 negotio,
462 1613 529 1660 cum
542 1597 702 1674 uolumine,
711 1614 777 1660 -uos
791 1597 966 1677 oppriment.

181 1692 232 1757 vl.
251 1693 373 1775 Interim
390 1692 499 1755 accidit
516 1693 567 1755 illa
592 1693 746 1756 calamitas
764 1694 843 1776 apud
862 1692 989 1758 Leuctra
1009 1692 1070 1757 La·

144 1790 361 1869 cedaemoniis,
381 1808 440 1872 quo
460 1809 499 1853 ne
516 1791 775 1872 proficisceretur,
795 1809 862 1853 cum
882 1809 899 1853 a
918 1791 1070 1873 plerisque

143 1888 180 1954 ad
199 1887 369 1951 exeundum
388 1895 594 1970 premeretur,
614 1896 647 1951 ut
677 1888 703 1951 si
729 1886 766 1950 de
795 1889 875 1950 exitu
907 1888 1070 1965 divinaret,

144 1986 225 2049 exire
243 1984 351 2048 noluit.
367 1984 463 2061 Idem,
483 1988 550 2050 dum
569 1985 792 2067 Epaminondas
816 1981 952 2066 Spartam
971 2002 1071 2065 oppu-

142 2091 266 2164 gnaret,
286 2080 424 2164 essetque
437 2082 502 2146 sine
521 2083 614 2146 muris
624 2083 672 2165 (l)
691 2083 847 2166 oppidum,
862 2083 950 2145 talem
966 2101 999 2145 se
1014 2081 1071 2143 iru-

144 2188 313 2264 peratorem
332 2180 482 2261 praebuit,
502 2188 535 2243 ut
549 2198 584 2242 eo
607 2187 740 2262 tempore
759 2179 900 2242 omnibns
918 2197 1070 2261 apparue-

141 2277 194 2356 ril,
214 2275 274 2339 nisi
291 2277 342 2340 ille
367 2277 483 2354 fuisset,
512 2275 647 2358 Spartam
666 2278 796 2339 futuram
821 2295 881 2339 non
910 2275 1015 2339 fuisse.
1035 2274 1071 2338 In

142 2391 203 2457 quo
221 2372 342 2456 quidem
357 2374 530 2436 discrimine
547 2374 684 2443 celeritas
695 2375 760 2437 eius
778 2372 896 2437 consilii
909 2374 998 2437 saluti
1014 2373 1073 2446 fuit

141 2470 310 2536 universis:
328 2488 396 2533 nam
409 2490 477 2534 cum
493 2470 613 2553 quidam
627 2469 859 2549 adolescentuli,
875 2471 1005 2543 hostium
1020 2473 1072 2536 ad·

141 2576 232 2633 uentu
254 2567 424 2650 perterriti,
442 2568 481 2630 ad
503 2567 662 2631 Thebanos
682 2569 867 2648 transfugere
891 2570 1021 2647 vellent,
1041 2577 1071 2631 et

142 2665 242 2729 locum
258 2675 341 2728 entra
360 2665 464 2728 urbem
484 2665 596 2728 editum
616 2666 780 2749 cepissent,
811 2665 987 2746 Agesilaus,
1017 2665 1070 2746 qui

79 2754 87 2767 ’
142 2760 429 2844 perniciosissimum
450 2762 513 2826 fore
529 2763 653 2840 videret,
674 2764 701 2826 si
717 2763 958 2826 animaduersum
977 2769 1068 2838 esset,

143 2856 324 2940 quemquam
342 2857 382 2920 ad
402 2859 503 2922 hostes
521 2860 706 2939 transfugere
721 2859 845 2936 conari,
862 2877 934 2943 ¹cunt
951 2857 1015 2920 suis
1032 2875 1069 2921 eo

143 2954 223 3018 venit
232 3001 242 3033 ,
260 2951 364 3038 atque,
383 2964 416 3019 ut
426 2956 456 3041 ⁴si
478 2944 557 3020 bono
571 2956 676 3021 animo
690 2956 842 3033 fecissent,
857 2955 987 3018 laudarit
999 2971 1072 3028 con·

144 3050 246 3115 uilium
261 3069 381 3130 eorum,
399 3053 479 3135 qnod
497 3071 565 3117 eum
584 3055 682 3116 locum
708 3060 921 3134 occupassent,
941 3059 1019 3116 etse
1038 3048 1069 3113 id

175 3197 207 3254 ll)
219 3197 278 3245 fiala
288 3198 333 3245 Pes
347 3199 528 3247 t’occteeomeuto
542 3202 603 3246 dello
615 3205 684 3259 purte
698 3204 799 3257 opposta.

172 3266 204 3324 (2)
216 3265 328 3325 lutelllge:
345 3269 396 3314 liert
408 3272 517 3329 potuisse,
533 3271 560 3316 ut
572 3271 763 3328 Persarumupea
774 3267 936 3325 frangerentur
944 3279 959 3313 u
967 3267 1068 3313 Graecis.

174 3332 206 3391 (tlt
221 3333 308 3392 Nempe
323 3333 436 3381 mrbnrls.

145 3399 203 3510 midi
218 3400 287 3460 Quod
302 3403 419 3462 Lycurgus
434 3403 519 3450 clrlum
534 3405 630 3464 pectora
649 3405 756 3452 uoluerat
770 3406 864 3465 Spartae
879 3415 922 3465 pro
945 3400 1070 3448 moenlbuo

180 3480 192 3512 e
