2452 3938
542 117 677 163 nonanus
765 162 767 166 ,
1014 103 1071 167 lbi

118 207 390 277 honorificentius
419 216 464 274 est
485 227 575 292 quarn
605 200 683 291 apud
707 207 870 275 Romanos.
893 208 968 274 Nam
995 213 1074 294 apud

122 327 215 385 nes,
239 323 344 370 revera
365 305 442 369 sient
463 304 549 382 sunt,
570 305 749 369 mercenarii
771 304 887 371 scribae
905 308 1075 373 existiman·

122 415 207 484 tur3
232 412 265 468 at
283 402 363 485 apud
384 403 452 465 illos
470 401 636 480 contrario,
659 423 748 467 nemo
766 405 804 468 ad
818 404 998 468 idofficium
1017 405 1073 468 ad-

123 502 293 579 nittitur,
317 498 376 563 nisi
399 499 523 577 honesto
546 500 631 577 loco,
649 508 679 563 et
707 500 765 564 lide
795 510 825 566 et
852 501 1002 565 industria
1025 521 1075 566 oo·

124 600 244 680 gnita,
260 597 338 680 quod
352 614 475 660 necesse
493 604 538 658 est
559 596 694 661 omnium
712 597 905 662 consiliorum
925 617 1074 662 comesse

126 692 334 780 pai-ticinen.
356 692 441 757 Hunc
464 693 563 755 locum
588 694 683 757 tenuit
698 695 848 760 amicitiae
867 696 944 777 apud
960 695 1075 776 Philip-

125 812 214 878 pum
233 809 330 855 annos
351 797 477 871 septem.
498 789 552 854 lllo
574 790 746 870 interiecto,
771 793 877 855 eodem
901 791 995 872 gradu
1018 792 1075 855 suit

128 891 221 975 apud
236 888 436 952 Alexandrum
452 906 547 949 annos
568 888 724 951 tredecim.
743 887 909 951 Novissime
924 897 1071 970 tempore,

130 986 274 1072 praeibit
293 985 383 1048 etiam
399 983 485 1047 alteri
500 984 637 1066 equitum
656 985 733 1062 alae,
753 1004 831 1067 quae
853 983 1009 1048 Hetaerice
1023 985 1071 1068 (1)

129 1083 361 1169 appellabatur.
381 1079 506 1163 Utrique
520 1088 619 1144 autem
637 1080 669 1143 in
688 1083 812 1177 oonsilio
827 1100 946 1163 semper
963 1081 1070 1160 adluit,

131 1192 168 1247 et
186 1180 325 1246 omnium
344 1195 445 1240 rerum
469 1176 588 1239 babitus
611 1186 657 1240 est
677 1179 838 1261 particeps.
1132 1248 1137 1259 ¹

180 1276 221 1342 11.
242 1275 410 1341 Alexandro
425 1274 575 1356 Babylone
593 1283 722 1353 mortuo,
743 1294 811 1338 cum
834 1294 926 1356 regna
944 1268 1151 1366 singulisffl

130 1373 341 1441 familiaribus
363 1372 611 1454 dispertirentur,
635 1382 665 1435 et
693 1391 811 1436 summa
836 1392 936 1438 rernm
964 1374 1072 1437 tradita

134 1482 223 1540 esset
239 1470 351 1535 tuenda
367 1469 484 1544 eidem,
504 1470 553 1532 cui
574 1470 741 1563 Aienander
767 1472 897 1536 moriens
926 1473 1071 1536 annulum

132 1591 230 1659 snum
254 1569 396 1645 dederat,
419 1566 602 1646 Perdiccae3
623 1587 657 1630 ex
679 1588 739 1650 quo
758 1588 862 1657 omnes
881 1570 1072 1634 coniecerant

132 1687 212 1734 enm
229 1685 354 1746 regnum
382 1666 410 1729 ei
434 1664 683 1741 commendasse,
708 1667 806 1747 quoad
835 1667 924 1731 liberi
952 1668 1017 1730 eine
1040 1667 1072 1731 in

132 1783 228 1831 anam
246 1765 371 1827 tutelam
393 1761 615 1844 pervenissent:
641 1762 767 1825 aberant
782 1763 863 1826 enim
885 1763 1024 1827 Craterus
1041 1771 1072 1826 et

130 1862 318 1944 Antipater,
336 1861 389 1944 qui
412 1863 588 1924 antecedere
611 1860 692 1923 bunc
714 1861 906 1940 videbantor3
932 1868 1070 1923 mortuns

133 1968 207 2026 erat
230 1958 422 2041 Hephaestio,
447 1978 536 2040 qoem
559 1977 652 2021 unum
675 1959 863 2037 Alexander,
884 1959 963 2040 quod
983 1958 1070 2021 facile

132 2055 268 2134 intelligi
290 2062 403 2137 posset,
427 2055 548 2136 plurimi
561 2055 753 2139 lecerat(2):
773 2055 828 2118 boc
848 2065 980 2137 ternpore
1001 2055 1070 2118 data

134 2163 185 2219 est
207 2154 336 2217 Eumeni
350 2152 555 2235 Cappadocia,
577 2153 641 2215 sine
664 2140 764 2234 potius
789 2153 885 2232 dicta3
910 2171 980 2216 nam
1005 2161 1068 2217 tum

134 2251 170 2316 in
194 2251 327 2315 bostium
362 2259 425 2313 erat
451 2258 596 2331 potestate
610 2250 669 2332 (3).
706 2248 793 2313 Hunc
821 2251 880 2314 sibi
912 2250 1069 2315 Perdiccas

126 2348 317 2415 adiunxerat
339 2365 445 2426 magno
468 2347 579 2423 studio,
612 2347 691 2428 quod
725 2348 757 2410 in
786 2347 905 2411 bomine
928 2348 1016 2412 tidem
1039 2357 1069 2413 et

135 2445 320 2510 industriam
343 2462 479 2522 magnam
504 2443 642 2523 ridebat;
675 2464 735 2508 non
759 2445 923 2521 dubitans,
947 2447 972 2508 si
998 2464 1067 2509 eom

138 2543 323 2625 pellexisset,
345 2561 451 2620 magno
473 2543 540 2604 usui
564 2542 628 2604 lore
652 2540 709 2604 sibi
736 2543 768 2605 in
796 2543 843 2605 bis
865 2543 968 2621 rebus,
993 2561 1067 2625 quas

140 2638 317 2722 apparabat.
341 2638 494 2716 cogitabat
516 2638 608 2716 enim,
632 2637 710 2719 qnod
735 2638 797 2702 lere
819 2657 923 2705 omnes
948 2639 980 2701 in
1001 2658 1060 2701 mar

141 2738 206 2814 gnis
228 2732 365 2819 imperiis
386 2735 619 2818 concupiscunt,
640 2735 775 2807 omnium
798 2743 897 2817 partes
915 2736 1065 2817 corripere

171 2940 201 3000 (1)
217 2942 306 2988 Graeco
323 2941 439 2989 vocabulo
451 2941 587 3011 (trapam)
603 2942 634 2989 ab
652 2939 740 3009 {carpos
747 2977 755 3002 ,
768 2944 864 2986 omtcacs:
876 2941 917 2986 1111
931 2937 994 2984 enlm
1004 2938 1058 2995 equi

118 3040 123 3049 .
145 3007 202 3054 tutuo
213 3010 258 3067 ala,
273 3010 353 3055 amicis
365 3010 489 3056 constabat
503 3012 562 3056 inter
576 3022 601 3056 se
613 3009 758 3056 sacramento
770 3006 891 3054 devinctio.

171 3074 199 3126 121
216 3077 354 3134 Dillgenttor
366 3081 388 3123 ln
406 3079 451 3124 bac
466 3081 533 3126 nimis
546 3077 636 3137 prolixo
650 3076 751 3135 periodo
762 3075 821 3122 ordo
830 3075 981 3132 desideratum
993 3085 1069 3131 grom-

144 3144 224 3254 {ratleo
235 3147 312 3191 tamen
327 3145 387 3191 ratto
402 3147 500 3202 constat,
514 3148 533 3191 si
549 3144 620 3190 verbo
636 3144 679 3190 too
699 3146 800 3204 tempora
814 3141 951 3189 reterao.ad
966 3141 1067 3201 pariton-
1096 3164 1098 3166 ·

166 3221 186 3255 m
200 3226 260 3256 611111.

172 3278 198 3336 111
215 3279 338 3326 Provincia
352 3279 396 3327 run
409 3281 475 3328 11111
490 3282 590 3328 mtnocto
604 3293 676 3342 sopra
688 3281 797 3336 ettotam
812 3281 876 3326 dtcto
891 3280 977 3336 nutem,
993 3279 1067 3335 magio

146 3348 273 3400 quamdam
288 3350 331 3408 est,
346 3348 410 3405 quod
421 3360 473 3394 eam
489 3350 544 3394 tunc
559 3349 632 3396 bootis
647 3348 779 3396 Ariarathes
791 3360 831 3395 rex
845 3347 978 3406 oocuparet.
