2452 3938
499 251 633 296 narraras
988 237 1028 300 9'1

102 354 206 410 rarout
222 352 312 424 atque
330 342 410 424 ipsos
427 350 648 419 scrutarentur,
677 342 820 405 mittunt:
846 332 952 406 deinde
970 343 1029 425 ipsi

103 451 174 508 sunt
185 439 346 519 congressi.
362 438 416 501 Hic
428 457 495 500 cum
508 440 681 520 aliquandiu
692 439 722 501 in
731 439 879 521 coiioquio
891 440 1028 518 fuissent,

104 549 135 604 et
150 536 258 602 diversi
284 536 500 615 discessissent,
520 535 639 618 iamque
657 538 760 616 procul
780 537 918 600 Datames
937 537 1026 600 ahes-

103 645 167 714 set,
192 631 394 712 Mithridates,
425 632 596 714 priusquam
625 632 661 694 ad
681 651 751 695 suos
773 635 961 715 perveniret,
989 653 1028 697 ue

102 744 203 817 quam,
211 733 411 815 suspicionem
432 738 560 811 pararet,
578 731 608 791 iu
632 730 770 793 eumdem
785 732 883 794 iocum
901 730 1026 794 reverti-

103 839 163 908 tur,
183 840 272 912 atque
291 829 346 905 ihi,
365 827 416 890 uhi
436 828 527 889 tolum
545 835 609 890 erat
625 827 795 908 impositum
814 828 935 898 resedit,
953 836 986 890 ut
1000 827 1026 890 si

101 945 123 991 a
137 919 311 997 lassitudine
329 932 450 1007 cuperet
463 924 664 1006 acquiescere3
685 923 888 1007 Datamenque
905 943 1026 987 revoca·

14 1034 35 1076 ³.
101 1024 165 1102 rit,
183 1022 330 1086 simulans
347 1034 381 1084 so¹
407 1021 547 1104 quiddam
575 1021 606 1083 in
625 1022 772 1103 colloquio
792 1039 857 1084 esse
885 1021 1024 1087 oblitum.

102 1118 225 1184 Interim
243 1120 348 1196 telum,
361 1118 440 1200 quod
458 1118 580 1193 iatehat,
600 1119 733 1200 protulit,
754 1120 957 1201 nudatumque
974 1138 1026 1182 ra·

99 1216 172 1297 gina
185 1225 266 1280 veste
284 1214 365 1294 texit,
386 1234 420 1277 ac
437 1213 553 1278 Datami
566 1215 696 1277 venienti
715 1215 763 1297 (t)
781 1216 834 1293 ait,
852 1215 1024 1294 digredien-

101 1325 161 1380 tem
184 1333 216 1377 se
240 1304 481 1377 animadvertisse
504 1313 603 1376 iocum
626 1313 809 1394 quemdam,
835 1312 887 1395 qui
910 1321 975 1376 erat
993 1314 1024 1375 iu
1049 1356 1051 1359 .

99 1419 278 1494 conspectu,
295 1411 331 1472 ad
346 1419 440 1473 castra
454 1410 591 1492 ponenda
606 1429 670 1474 esse
681 1411 835 1490 idoneum;
855 1429 943 1494 quem
956 1429 1023 1473 curn

99 1508 191 1588 digito
217 1516 405 1595 monstraret,
433 1496 463 1571 et
485 1507 534 1569 ilie
561 1509 758 1591 conspiceret,
783 1527 919 1572 auersum
945 1509 1025 1572 ferro

102 1598 257 1682 transfixit,
276 1605 417 1686 priusque
435 1623 523 1686 quam
540 1605 696 1687 quisquam
717 1616 816 1689 posset
834 1623 1020 1684 succurrere,

98 1694 258 1768 interiecit.
276 1699 322 1763 Ita
339 1701 394 1778 vir,
411 1700 462 1782 qui
478 1702 587 1764 multos
606 1703 743 1780 consilio,
763 1703 914 1767 neminem
933 1702 1023 1785 perii·

99 1794 149 1860 dia
168 1790 298 1879 ceperat,
317 1797 455 1869 simulata
467 1807 570 1880 captus
584 1808 629 1861 est
646 1797 778 1863 amicitia
792 1800 851 1883 (D).

131 1996 164 2059 (i)
184 1999 276 2059 auaqne
295 2001 344 2046 ulia
359 2004 501 2062 suspicione,
516 2004 589 2064 quod,
604 2005 657 2050 loco
673 2006 697 2050 et
711 2003 747 2050 vet
762 2003 815 2063 ipso
830 2002 960 2050 Mithridate
974 2005 1021 2053 iem

97 2066 192 2128 pridem
214 2068 338 2127 diiigenter
352 2080 367 2115 a
380 2071 551 2117 scrutatoribus
566 2073 711 2132 investigato,
728 2072 760 2118 nu
774 2071 820 2118 sihi
834 2072 902 2118 letale
916 2069 1019 2117 futurum

96 2135 270 2195 auspicabatur.
289 2138 399 2183 ceterum
421 2138 531 2187 aolemuis
552 2140 706 2186 scmtctorurn
725 2137 789 2199 apud
812 2140 902 2184 vetares
924 2138 1019 2198 montio,

95 2204 289 2262 quotiescumque
304 2203 334 2249 de
349 2215 477 2261 congressu
492 2206 554 2252 iuter
568 2205 647 2253 hostes
661 2207 696 2253 vei
712 2207 804 2264 ignotos
818 2206 933 2263 ageretur.

128 2270 160 2328 (2)
182 2269 251 2328 Quod
270 2271 408 2331 quidemst
423 2272 537 2329 quosdam
557 2273 702 2320 tenebricoso
727 2271 919 2333 philosophantes
940 2270 1020 2318 audia-

96 2350 158 2399 mus,
173 2352 202 2385 eo
217 2340 349 2400 pertineret,
361 2342 395 2399 ut,
411 2341 490 2386 omnia
503 2342 528 2386 tu
542 2340 644 2389 deterius
658 2342 783 2397 trahentes,
792 2341 915 2386 homiuum
931 2342 1020 2399 generi,

96 2406 219 2463 tamquam
234 2406 333 2465 possim
347 2416 441 2465 quaqua
455 2404 537 2454 frauda
551 2410 669 2470 contacto,
684 2408 836 2456 diffidendum
854 2409 924 2468 plane
943 2407 1018 2455 obdr-

96 2482 221 2519 maramua.
238 2474 271 2531 rt,
288 2475 326 2518 cui
348 2485 397 2521 non
413 2474 509 2520 suadeat
524 2487 636 2534 generosa
655 2477 768 2535 quaedam
783 2478 851 2534 atque
866 2477 948 2522 intima
964 2489 1019 2536 vox,

95 2541 168 2598 louge
181 2541 269 2587 invidia
292 2541 393 2588 Datamia
411 2545 518 2605 mortem,
534 2556 605 2603 quam
619 2547 759 2594 exultantem
781 2544 918 2594 Mithridatia
932 2545 1019 2605 iniqui·

94 2608 176 2667 uum,
191 2620 242 2656 aare
251 2608 396 2667 digniorant

160 3684 297 3749 Cornelii
317 3686 389 3764 Nep.
