2452 3938
626 275 703 348 11111.

504 482 815 613 11111113.

243 802 268 868 1.
285 799 379 865 Venio
391 799 520 862 nune'ad
535 798 730 861 fortissimum
743 798 838 860 virum
857 796 1040 891 maximique
1053 819 1131 866 con·

202 902 261 966 silii
273 899 406 963 omnium
418 895 763 977 barbarorum3exceptis
774 894 1131 976 duobusllartlraginien·

201 998 297 1075 sibus,
316 994 482 1058 Hamilcare
498 1003 531 1057 et
555 991 739 1072 Hannibale3
757 993 794 1055 rie
811 1012 871 1074 quo
890 993 946 1055 hoe
968 995 1055 1075 plura
1072 1013 1128 1059 re·

201 1095 342 1171 feremus,
362 1091 442 1174 quod
461 1099 491 1153 et
508 1090 680 1154 obscuriora
697 1100 767 1166 suut
781 1089 845 1151 eius
866 1098 949 1168 gesta
965 1090 1128 1174 pleraque,

201 1201 231 1255 et
249 1210 306 1270 ea,
327 1209 403 1272 quae
431 1207 571 1273 prospere
596 1189 624 1250 ei
642 1196 810 1265 cesserunt,
838 1205 898 1249 uon
917 1188 1128 1268 magnitudine

201 1295 367 1377 copiarum,
386 1291 438 1353 sed
452 1289 581 1365 consilii,
601 1308 661 1370 quo
681 1295 743 1351 lum
758 1307 860 1350 omnes
878 1289 1050 1371 superabat,
1070 1309 1128 1353 ac-

200 1390 347 1452 ciderunt.
367 1385 499 1458 Quorum
514 1386 571 1447 uisi
590 1386 665 1446 ratio
688 1385 831 1466 explicata
849 1386 952 1464 lueritJ
965 1403 1013 1449 res
1026 1404 1126 1471 appa·

199 1503 265 1548 rere
284 1504 344 1548 non
362 1490 500 1565 poterunt
519 1482 578 1564 (l).
599 1481 748 1565 Datames,
769 1491 851 1566 patre
869 1481 1045 1563 Garnissare,
1064 1497 1127 1548 na·

201 1585 281 1646 tione
298 1581 372 1646 Care
401 1580 467 1662 (1),
488 1591 582 1643 matre
606 1578 753 1661 Scythissa
779 1580 826 1663 (3)
851 1590 957 1659 natus,
989 1582 1126 1664 primum

200 1681 327 1743 militum
346 1696 470 1742 numero
489 1679 545 1740 luit
561 1679 640 1760 apud
659 1677 848 1741 Artaxerxem
864 1696 981 1757 eorum,
1002 1680 1056 1761 qui
1069 1699 1127 1743 re-

199 1777 277 1858 giam
297 1777 467 1840 tuebantur.
487 1775 574 1838 Pater
591 1777 654 1838 eius
672 1774 863 1852 immissores,
882 1776 963 1858 quoti
985 1786 1016 1839 et
1030 1796 1127 1844 manu

200 1875 284 1937 sortis
303 1882 333 1937 et
346 1874 423 1937 bello
440 1881 591 1952 strenuus,
606 1882 636 1935 et
653 1873 715 1952 regi
734 1874 834 1936 mullis
856 1873 930 1935 loois
944 1872 1041 1936 fidelis
1057 1886 1128 1940 erat

199 1980 347 2056 repertus,
364 1971 468 2034 habuit
485 1970 666 2053 provinciam
685 1979 797 2053 partem
816 1969 936 2032 Ciliciae
955 1966 1015 2052 (l),
1040 1970 1125 2047 iusta

199 2069 429 2152 Cappadociam,
449 2087 539 2151 quam
558 2069 691 2130 incolunt
709 2065 877 2150 Leucosyri.
894 2067 1046 2147 Datames,
1066 2071 1125 2132 tui·

200 2166 285 2228 litare
304 2184 412 2228 munus
430 2166 557 2244 iungens
572 2165 714 2246 primurn,
731 2167 827 2247 qualis
841 2173 919 2226 esset
933 2165 1072 2246 apparuit
1090 2166 1123 2229 iu

199 2262 291 2338 bello,
307 2262 386 2343 quod
402 2280 453 2324 rex
476 2261 615 2324 adversus
637 2260 844 2346 Cadusios-(5)
860 2261 962 2338 gessit.
986 2260 1123 2345 Namque

201 2358 263 2435 hio,
283 2359 384 2420 multis
398 2357 530 2420 millibus
548 2359 723 2438 intersectis,
742 2359 839 2438 magni
858 2359 913 2421 luit
935 2357 1000 2420 eius
1015 2377 1120 2440 opera.

201 2452 268 2526 Quo
284 2455 394 2517 lactum
413 2464 457 2519 est
475 2465 519 2533 ut,
545 2474 612 2518 cum
630 2457 662 2518 in
683 2474 718 2518 eo
737 2455 814 2519 hello
832 2455 1123 2519 cecidissetCamis·

122 2548 293 2647 ssjsspsares,
315 2562 438 2635 paterna
456 2553 484 2616 ei
502 2553 667 2616 traderetur
681 2553 840 2642 provincia.

230 2747 263 2807 (lt
274 2746 335 2794 lton:
352 2744 414 2792 Nolle
428 2745 494 2804 quali
512 2747 621 2805 impr-eae,
637 2757 661 2789 se
674 2745 715 2802 oto
735 2756 782 2790 non
794 2747 900 2790 orosto-tat
913 2745 931 2790 tt
948 2757 1020 2806 come,
1034 2758 1082 2793 non
1103 2753 1125 2793 si

199 2820 270 2878 potrrl
279 2818 360 2863 ocum
372 2817 414 2862 ben
425 2815 514 2860 altaro.

231 2888 262 2947 (2)
278 2886 393 2944 linearia,
408 2884 528 2944 provincia
543 2884 608 2929 asiae
621 2881 723 2927 minoris.

232 2957 262 3015 151
278 2955 310 3001 Ex
324 2952 423 3013 Scythia.

230 3028 263 3083 tt)
279 3026 343 3082 Quae
358 3025 418 3068 inter
430 3022 531 3066 montem
546 3019 649 3065 Taurum
664 3019 688 3064 et
700 3019 812 3064 Amanum
828 3016 1005 3075 (Montenepro)
1021 3018 1045 3064 el
1059 3029 1125 3064 moro

201 3094 319 3140 internum
333 3092 378 3136 sita
392 3092 464 3147 esset,
477 3086 538 3132 intra
556 3085 737 3145 Cappadociam
752 3085 874 3144 Leucosyri
888 3086 981 3144 autem,
997 3094 1011 3128 tt
1028 3082 1125 3147 inuios,

201 3160 267 3205 olom
281 3161 304 3204 et
320 3160 402 3226 Σύροι,
417 3156 574 3216 Cappadociae
589 3167 670 3202 omues
685 3153 776 3215 populi
790 3151 984 3212 appellabantur,
995 3152 1041 3223 sod
1056 3164 1124 3211 prae·

201 3230 271 3286 olpuo
290 3225 445 3282 qul'l’ontum
459 3228 483 3269 tn
498 3223 614 3283 superiori
635 3224 731 3280 regione
753 3222 817 3267 cirea
841 3218 1037 3266 Thermodontem
1058 3220 1125 3266 inco·

201 3295 281 3342 lerant

233 3361 264 3422 (5)
279 3361 307 3407 lli
323 3359 420 3407 Mediam
435 3361 460 3406 lu
472 3372 514 3407 ora
528 3359 606 3421 caspii
621 3359 690 3405 maris
704 3355 836 3404 incolebant
847 3356 908 3401 inter
924 3357 1023 3423 tironem¹
1033 3356 1123 3404 numan

201 3430 226 3478 ot
237 3429 361 3475 amaruuru
