2452 3938
203 279 262 341 llb
587 291 738 338 mmmm

200 389 279 470 sulas
297 387 421 464 Aegates
436 386 495 468 (l),
517 384 614 448 aCaio
626 384 756 462 Lutatio,
770 385 892 449 consule
905 381 1129 468 Romanorum,

119 462 347 565 ,i‚'2⁰4'2superati‚
368 489 533 547 statuerunt
559 481 629 544 belli
654 482 743 544 linem
773 483 891 560 fecere,
915 502 1042 566 eamque
1061 505 1123 548 rem

200 581 321 644 arbitrio
341 578 816 662 permiseruntHamilcarisllle,
832 581 887 645 etsi
904 580 1048 660 llagrebat
1060 581 1124 646 bel·

198 678 280 742 landi
301 678 477 759 eupiditate,
493 685 593 739 tamen
611 675 676 756 paci
695 676 882 739 seruiendum
901 679 1025 759 putauit,
1043 681 1123 760 qued

197 775 336 856 patriam,
353 775 525 837 exhaustam
538 772 698 851 sumtibus,
710 773 823 836 diutius
838 774 1037 839 calamitatem
1051 775 1122 840 belli

165 887 169 895 ⁷
197 871 276 934 terre
293 890 351 933 non
379 890 465 957 posse
483 870 684 949 intelligebat:
710 871 762 933 sed
780 870 821 934 ita
846 882 880 935 ut
901 873 1000 936 statim
1020 883 1122 937 mente

198 970 338 1048 agitaret,
359 968 384 1030 si
402 969 566 1057 ppullulum
586 968 673 1030 mcdc
695 985 742 1031 ces
768 978 869 1032 essent
885 971 1024 1050 relectae,
1053 971 1122 1035 bel·

196 1066 257 1128 lum
270 1083 422 1142 renovare,
433 1062 642 1145 Romanusque
654 1064 744 1155 armis
755 1067 907 1147 prosequi,
918 1054 1059 1132 donicum
1072 1056 1124 1152 (bl

197 1172 247 1226 aut
258 1172 336 1226 certe
354 1162 502 1236 vicissent,
524 1170 574 1224 aut
591 1162 660 1223 uicti
676 1180 795 1224 martum
812 1163 961 1227 dedissent
980 1165 1040 1248 (3).
1057 1165 1122 1230 Huc

197 1260 320 1323 consilio
339 1279 441 1342 pacem
467 1258 655 1322 conciliauit:
676 1258 708 1320 in
735 1278 793 1340 qua
814 1268 894 1343 tanta
920 1261 976 1324 luit
993 1262 1121 1343 ferocia,

195 1366 240 1435 ut,
261 1377 328 1420 cum
346 1357 465 1422 Catulus
480 1365 602 1436 negaret
619 1373 650 1417 se
665 1355 777 1418 bellum
796 1359 1042 1439 compositurum,
1060 1362 1119 1425 uisi

195 1454 245 1517 illc
263 1473 330 1517 cum
349 1456 427 1530 suis,
456 1455 507 1535 qui
532 1453 655 1533 Erycem
676 1460 831 1515 tenuerant
839 1499 848 1530 ,
873 1455 963 1516 armis
986 1457 1116 1537 relictis,

195 1550 296 1613 Sicilia
315 1551 503 1626 decederem
522 1551 722 1612 succumbente
734 1550 849 1628 petria,
872 1552 934 1632 ipse
946 1554 1119 1632 periturum

194 1667 226 1712 ae
238 1649 338 1730 potius
355 1647 477 1724 dixerit,
498 1664 586 1726 quum
605 1664 672 1710 cum
692 1653 775 1708 teuto
791 1645 907 1728 tlupe'tie
931 1651 1051 1715 demum
1067 1671 1119 1716 ee-

195 1746 292 1810 diret:
309 1745 464 1827 ueueuim
481 1761 553 1826 suec
571 1762 630 1807 esce
645 1744 766 1807 uirtutis
787 1762 873 1808 urmu
882 1785 891 1822 ‚
914 1750 1049 1827 apeme
1066 1768 1119 1814 ae-

196 1851 275 1923 ceptu
291 1832 434 1906 adeeraua
450 1840 555 1917 testes,
576 1841 754 1905 aduersariis
770 1844 897 1906 trudere.
919 1842 1013 1907 Huius
1031 1848 1122 1927 perti·-

195 1941 299 2005 naciae
317 1942 407 2004 cessit
422 1939 552 2005 Catulus.
909 1961 912 1964 ⁴

237 2038 274 2104 11.
294 2039 420 2116 atille,
446 2048 480 2101 ut
504 2037 708 2118 Carthaginem
737 2038 833 2116 uenit,
865 2040 957 2102 multe
981 2040 1068 2104 aliter
1084 2060 1121 2106 ac

196 2137 333 2218 sperabat
350 2136 563 2218 rempublicam
576 2154 608 2199 se
624 2137 782 2199 habentem
800 2136 945 2215 cognorit.
970 2135 1119 2220 Namque,

196 2234 389 2297 diuturnitate
414 2234 527 2297 externi
553 2234 641 2310 mali,
669 2242 783 2296 tantum
813 2234 922 2296 exarsit
943 2233 1118 2298 intestinum

196 2332 320 2408 bellum,
336 2342 370 2394 ut
389 2351 541 2414 nunquam
555 2330 619 2413 pari
637 2331 769 2411 periculo
789 2330 878 2393 luerit
889 2329 1045 2410 Carthago,
1060 2332 1120 2395 nisi

197 2448 264 2494 cum
283 2430 380 2494 deleta
399 2440 453 2493 est.
473 2429 573 2491 Primo
592 2429 768 2490 mercenarii
791 2427 900 2490 milites
918 2427 978 2510 (l),
995 2429 1048 2511 qui
1064 2429 1119 2491 ad-

196 2527 455 2611 versusllemanos
475 2528 603 2600 fuerant,
619 2525 816 2605 desciuerunt3
837 2544 962 2607 quorum
978 2542 1122 2588 numerus

198 2620 370 2699 eratviginti
383 2619 521 2681 millium.
540 2616 577 2679 Hi
593 2626 682 2680 totam
697 2618 903 2681 abalienarunt
915 2617 1043 2679 Atticam
1057 2617 1119 2698 (5),

229 2847 259 2907 (ll
274 2845 309 2895 td
332 2847 526 2909 promontorium¹
541 2845 682 2904 Lilybaeum
697 2846 754 2891 aunt
765 2857 819 2891 vero
842 2842 1001 2904 Phorbantia,
1024 2847 1123 2905 baguae,

199 2917 318 2973 Maritima,
333 2914 503 2961 receutloribus
517 2915 658 2974 Facturum,
673 2912 789 2973 became,
801 2913 946 2959 Manuemo.

229 2983 262 3042 (2)
275 2983 325 3028 Vox
340 2980 446 3029 obsoleta
459 2993 503 3041 pru
517 2981 596 3034 denae·
611 2981 706 3027 comicia
720 2983 798 3026 tamen
814 2981 888 3040 poetis
903 2979 1001 3025 maxima
1012 2976 1123 3038 trequen-

201 3054 260 3175 tat(td.)
276 3117 309 3164 Ex
324 3131 353 3165 eo
365 3118 431 3175 quod
442 3117 499 3164 victi
513 3128 598 3164 manua
610 3117 712 3162 vinculis
721 3114 862 3175 praeberent
877 3110 1019 3171 nectendas,
1038 3125 1124 3158 manua

201 3186 259 3232 dure
272 3187 394 3246 acceptum
409 3186 445 3232 eet
458 3197 503 3244 pre
517 3197 546 3230 eo
562 3183 626 3242 quod
639 3184 699 3230 esset
709 3181 780 3241 fateri
793 3197 817 3226 se
831 3184 925 3226 cutum.

231 3254 264 3315 cll
276 3255 331 3300 Num
346 3252 467 3313 Carthago,
484 3251 625 3297 Phaenicum
641 3253 740 3310 colente,
752 3249 898 3296 commea-elta
913 3245 997 3304 dedita,
1013 3245 1043 3290 ab
1054 3246 1125 3292 ermla

201 3320 351 3393 abhorrebab
365 3319 510 3367 conducebat
529 3319 597 3375 igitur
612 3317 735 3376 africanos,
749 3328 883 3375 campanos,
898 3315 992 3372 ligures,
1006 3313 1088 3372 gallos,
1099 3314 1124 3360 et

203 3388 301 3435 alterum
316 3389 417 3445 gendum
431 3385 523 3446 mtlltes,
539 3387 589 3445 qut,
604 3386 648 3431 nist
663 3397 746 3443 magna
758 3384 859 3445 pecunia
870 3382 953 3442 satiati,
968 3381 993 3427 tu
1014 3379 1063 3427 fide
1074 3389 1125 3426 neu

201 3457 366 3584 ”limium
380 3534 395 3568 a
409 3520 641 3579 carthaginiensibus.
