2452 3938
505 263 640 310 onrauas
993 252 1036 316 95

111 353 231 438 copiis,
257 351 393 437 superior
423 354 562 418 omnibus
589 357 708 437 proeliis
735 358 924 436 discedebat,
954 363 1032 442 quod

111 469 268 532 nunquam
282 469 403 514 manum
423 461 603 529 consereret,
621 453 679 516 nisi
697 453 881 519 adiersarios
899 456 1032 517 locorurn

111 547 258 629 angustiis
276 547 444 627 clausisset3
474 549 553 629 qnod
578 551 672 630 perito
691 552 844 630 regionum
868 553 1034 633 callideque

111 643 256 724 cogitanti
269 662 358 724 saepe
375 644 539 707 accidebat.
563 645 817 726 Autophradates,
834 667 901 711 curu
920 648 1032 710 belluni

111 736 182 811 duci
199 740 313 803 maiore
325 741 402 820 regis
415 742 584 803 calamitate
598 761 686 823 quarn
700 745 935 808 adversariorum
955 746 1034 808 vide·

112 848 171 916 ret,
186 837 223 901 ad
235 855 336 919 pacem
349 847 439 919 atque
452 838 612 900 amicitiam
629 839 763 904 hortatus
774 851 831 920 est,
841 849 875 904 ul
885 860 951 905 curn
965 861 1034 922 rege

112 935 285 1014 ingratiam
300 935 421 998 rediret.
441 933 534 1008 Quarn
553 937 604 999 ille
622 938 679 1000 elsi
696 958 756 1001 non
780 940 869 1002 fidam
896 941 957 1002 iore
975 959 1033 1021 pu-

111 1032 207 1109 tabat,
227 1040 325 1094 tamen
342 1033 543 1096 conditionem
561 1035 697 1115 accepit,
720 1054 812 1116 seque
834 1037 872 1098 ad
893 1036 1033 1099 Artaxer·

110 1147 178 1191 xern
196 1128 308 1206 legatos
323 1128 482 1190 missurum
502 1129 584 1191 dixit.
609 1127 658 1192 Sic
675 1131 799 1208 bellurn,
815 1132 960 1213 quod-rex
978 1131 1033 1194 ad·

111 1242 215 1286 versos
228 1223 372 1286 Datamen
389 1233 572 1306 susceperat,
586 1226 733 1289 sedatum.
748 1226 984 1309 Autophrodates
1001 1227 1033 1290 iu
1141 1307 1142 1310 Ἴ

113 1321 272 1403 Phrygiam
290 1340 323 1383 se
340 1321 464 1401 recepit.
986 1341 990 1348 ’

153 1416 204 1481 ΙΧ.
222 1417 260 1479 At
277 1436 338 1494 rex,
358 1418 437 1499 quod
454 1418 644 1500 implacabile
663 1420 762 1482 odiunt
779 1420 809 1483 in
820 1420 963 1484 Datamen
979 1439 1033 1483 su-

112 1524 260 1598 sceperat,
278 1521 433 1596 postquam
448 1515 527 1577 bello
545 1533 614 1579 eum
639 1516 767 1597 opprimi
782 1536 841 1580 non
861 1537 945 1599 poss,
966 1518 1034 1580 eni·

112 1611 282 1687 madvertit,
294 1610 411 1674 insidiis
420 1610 586 1675 interficere
597 1613 721 1676 studuit:
733 1632 807 1697 quas
817 1615 867 1676 ille
879 1614 1036 1698 plerasque

112 1708 225 1775 vitavit.
243 1705 345 1784 Sicut,
364 1726 431 1770 cum
456 1709 630 1772 nunciatum
652 1719 730 1773 esset
747 1711 890 1793 quosdam
909 1712 966 1774 sibi
984 1712 1034 1774 in·

11 1846 18 1859 ·
109 1805 238 1882 aidini,
266 1804 317 1885 qni
344 1804 376 1866 in
395 1805 557 1868 amicorum
582 1815 668 1870 erant
690 1826 831 1885 nnmero;
852 1807 1032 1891 dequibus,

116 1900 195 1985 quod
214 1901 329 1964 inimici
347 1902 530 1980 detulerant,
550 1922 647 1985 neque
669 1903 848 1966 credendum
867 1923 965 1986 neque
983 1923 1036 1968 ne·

112 1998 284 2079 gligendum
301 1997 414 2080 putarit
427 1997 492 2080 (l);
512 1999 638 2080 experiri
649 1999 752 2077 voluit,
768 2017 869 2063 verum
887 2001 1035 2063 falsumne

114 2095 175 2158 sibi
193 2102 273 2158 esset
285 2096 423 2158 relatum.
439 2093 541 2177 ltaque
560 2114 595 2157 eo
613 2095 762 2177 profectus
775 2105 830 2174 ost,
851 2115 910 2178 quo
928 2095 1036 2158 itinere

115 2187 229 2256 iuturus
247 2191 370 2255 insidias
384 2184 528 2254 dixerani.
550 2190 605 2254 Sed
624 2192 711 2270 clegit
729 2210 853 2274 corpore
872 2201 903 2271 et
922 2201 1035 2256 statura

116 2288 302 2352 simillimum
320 2290 379 2367 sai,
402 2290 489 2371 eique
506 2289 642 2351 vestitum
661 2306 747 2352 suurn
770 2290 862 2368 dedit,
883 2299 972 2372 atquo
997 2309 1035 2354 eo

116 2386 182 2448 loeo
199 2386 256 2463 ire,
276 2405 335 2467 quo
350 2385 414 2468 ipse
432 2394 636 2462 consueverat,
656 2384 754 2465 iussit3
773 2386 837 2469 ipse
856 2395 968 2463 autern,
983 2404 1035 2449 or·

116 2491 188 2546 netu
205 2482 374 2565 vestituque
400 2482 543 2561 militari,
569 2482 648 2545 inter
670 2484 804 2564 corporis
824 2486 962 2547 custodes
972 2484 1036 2547 iter

117 2582 221 2645 lacere
232 2580 339 2662 coepit.
356 2579 394 2643 At
408 2579 606 2657 insidiatores,
620 2588 785 2662 postquem
803 2580 834 2643 in
853 2599 921 2646 euni
937 2583 1035 2644 locuni

118 2696 222 2758 agmen
236 2677 384 2760 'pervenit
403 2676 519 2759 decepti
543 2677 647 2740 ordine
665 2686 754 2759 atque
768 2679 894 2756 vestitu,
913 2680 945 2741 in
966 2695 1034 2741 cunr

117 2776 230 2839 iaciunt
245 2774 403 2857 impetum,
422 2774 474 2856 qui
491 2774 661 2856 suppositus
679 2783 753 2837 erat.
773 2775 959 2838 Praedixerat
977 2794 1035 2838 aa·

118 2882 178 2951 tem
195 2872 243 2935 his
258 2871 414 2949 Datames,
433 2890 500 2933 curn
520 2870 628 2953 quibus
650 2872 707 2933 iter
724 2864 860 2949 iaciebat,
881 2880 914 2935 ut
939 2872 1035 2953 parali

119 2979 218 3034 essent
233 2969 331 3044 iacere
349 2968 429 3052 quod
445 2968 542 3049 ipsum
562 2968 713 3031 vidissent.
741 2966 825 3050 lpse,
853 2977 886 3031 ut
907 2986 1035 3030 concur·

117 3075 217 3131 rentes
233 3065 421 3129 insidiatores
446 3065 677 3141 animadvertit,¹
691 3066 749 3128 tela
767 3067 800 3128 in
826 3084 877 3130 eos
894 3063 1033 3129 coniecit.

118 3162 181 3227 Hoc
197 3163 275 3226 idem
294 3182 360 3226 curn
378 3161 507 3225 universi
523 3161 673 3238 iecissent,
704 3162 875 3244 priusquam
897 3162 1036 3243 perreni-

119 3269 187 3325 renl
198 3260 326 3338 adeum,
340 3279 427 3344 quern
440 3257 559 3339 aggredi
570 3258 723 3338 nolebant,
736 3260 842 3324 conlisi
853 3259 1035 3324 ceciderunt.

147 3425 179 3487 ιιι
195 3427 299 3486 nimpe
313 3428 339 3474 ut
351 3428 384 3473 an
399 3427 518 3475 russatus
529 3426 592 3487 (rao.
603 3427 638 3488 n,
649 3399 721 3485 ron

292 3495 450 3543 Periculosum
462 3496 497 3542 cal
508 3495 605 3543 endere
619 3496 643 3542 et
652 3506 699 3542 oon
711 3495 815 3543 credere.
