2452 3938
19 1000 27 1012 ,
120 935 215 998 trater
228 929 375 1010 Agesilai:
387 929 480 990 tilium
493 928 655 1009 reliquerat
667 927 879 1008 Leotychidem
894 945 981 1009 quem
995 927 1046 990 ille

498 249 657 297 Aorsurns
832 224 836 229 ’
902 245 905 259 ’
978 228 1039 290 il3

117 359 167 416 tae
182 367 267 430 reges
284 347 406 411 luerunt
418 346 478 428 (i).
498 345 609 408 Harum
628 345 774 408 exaltem
798 341 828 404 in
852 338 974 403 alterius
998 339 1042 402 la·

119 449 220 512 miliae
238 446 336 509 locum
349 444 413 508 fieri
426 462 487 505 non
500 443 624 507 licebat·
617 435 740 524 ,itaque
752 441 878 521 utreque
892 457 979 502 suum
996 458 1044 502 re-

118 546 235 611 tinebat
249 543 394 607 ordinem.
408 541 541 603 Primum
553 540 628 602 ratio
634 539 817 616 habebatur,
833 538 883 625 qui
896 536 1043 599 maximus

119 653 193 708 natu
206 648 285 705 esset
304 659 339 702 ex
354 637 501 700 liberis
475 656 552 713 ems,
570 637 621 717 qui
638 654 766 715 regnans
784 610 976 698 decessisset·
996 633 1043 697 sin

119 743 146 805 is
165 739 280 802 virilem
295 754 397 800 sexum
416 753 476 797 non
490 734 678 816 reliquisset,
695 742 756 795 tnm
764 731 972 811 deligebatur,
992 731 1044 813 qui

121 837 275 922 proximus
284 841 373 896 esset
391 831 624 914 propinquitate.
644 829 776 893 Mortuus
799 840 863 892 erat
879 830 949 909 Agis
964 847 1024 892 rex
1035 839 1127 936 ,uA-gd

121 1031 225 1096 virens
241 1045 302 1090 uon
320 1025 516 1107 agnorat(h);'
542 1025 681 1087 eumdem
711 1025 841 1086 moriens
865 1043 951 1087 suum
983 1044 1048 1091 esse

123 1128 249 1190 dixerat.
271 1123 299 1185 is
316 1123 353 1185 de
372 1122 485 1184 honore
502 1122 585 1198 regni
604 1140 672 1183 eum
701 1120 837 1199 Agesilao
860 1127 923 1182 ¹suo
943 1132 1051 1203 patruo

124 1220 296 1299 contendit:
318 1238 416 1300 neque
429 1218 460 1280 id
480 1219 557 1300 quod
576 1219 680 1300 petivit
694 1213 947 1296 consecutusest3
966 1238 1047 1298 nam,

124 1317 276 1402 Lysandro
299 1316 478 1394 suffragante
493 1361 501 1392 ‚
518 1315 658 1393 homine,
678 1322 711 1385 ut
729 1310 916 1378 ostendimus
938 1333 1048 1396 supra,

125 1417 269 1491 factioso,
289 1422 318 1476 et
344 1413 389 1474 his
409 1414 595 1494 temporibus
621 1420 762 1494 potente,
782 1411 935 1491 Agesilaus
965 1421 1050 1475 ante·

127 1515 205 1577 latus
220 1519 277 1573 est.

171 1607 208 1670 ll.
229 1605 300 1684 Hic,
320 1606 409 1668 simul
438 1615 527 1687 atque
553 1606 672 1687 imperii
692 1606 803 1688 potitus
823 1615 885 1684 est,
905 1605 1132 1688 persuasitasec

128 1703 393 1781 Lacedaemoniis,
422 1713 455 1766 ut
487 1704 658 1766 exercitum
681 1705 850 1767 emitterent
882 1705 912 1767 in
936 1704 1050 1784 Asiam,

129 1803 303 1883 bellumque
321 1801 383 1880 regi
399 1801 445 1882 (3)
468 1802 618 1879 lacerent3
646 1801 772 1879 docens,
803 1801 896 1864 satius
925 1821 990 1866 esse
1022 1803 1054 1865 in

88 1906 96 1921 ⁸
129 1900 200 1963 Asia
219 1918 307 1981 quam
323 1899 354 1960 in
373 1898 492 1979 Europa
512 1898 666 1960 dimicare.
682 1897 816 1979 Namque
834 1900 912 1960 lama
930 1901 1053 1981 exierat,

130 1997 319 2060 Artaxerxem
344 2014 516 2077 comparare
535 1996 683 2072 classem,
704 1997 914 2078 pedestresque
941 1997 1055 2058 enerci-

134 2107 200 2171 tus,
218 2112 293 2175 quos
312 2095 344 2156 in
362 2091 515 2156 Graeciam
533 2093 674 2156 mitteret.
699 2093 772 2155 Data
789 2102 953 2174 potestate,
975 2102 1056 2158 lanta

132 2191 285 2259 celeritate
303 2210 375 2253 usus
394 2199 458 2269 est,
478 2199 510 2252 ut
528 2191 612 2272 prius
628 2192 658 2253 in
675 2190 776 2252 Asiam
792 2210 858 2252 cum
878 2190 973 2272 copiis
989 2210 1058 2273 per-

135 2278 268 2366 venerit,
288 2307 377 2370 quam
396 2288 471 2367 regii
489 2295 625 2368 satrapae
649 2307 717 2350 eum
737 2289 847 2351 seirent
871 2288 1056 2370 prolectum3

133 2404 196 2467 quo
214 2384 407 2463 factumest,
428 2394 461 2447 ut
487 2404 590 2448 omnes
613 2385 774 2468 imperatos
795 2384 1060 2469 imprudentesque

134 2480 312 2549 offenderet.
333 2482 366 2546 Id
380 2491 413 2545 nt
430 2483 568 2562 cognovit
588 2482 820 2564 Tissaphernes,
839 2483 890 2565 qui
906 2490 1057 2546 summum

136 2578 298 2661 imperium
314 2588 376 2643 tum
390 2581 467 2643 inter
477 2580 643 2662 praefectos
657 2581 786 2644 habebat
797 2583 906 2660 regios,
925 2576 1061 2644 inducias

135 2695 155 2738 a
173 2673 291 2742 Lacone
299 2676 347 2758 (i)
366 2679 487 2758 petivit,
506 2677 650 2741 simulans
664 2696 697 2740 se
710 2678 781 2741 dare
798 2684 940 2760 operam,
960 2687 992 2741 ut
1005 2676 1062 2739 ha·

170 2863 201 2920 (tl
217 2865 284 2911 Anno
298 2864 457 2911 circiterante
472 2863 590 2911 Christum
610 2865 690 2910 netum
708 2875 813 2924 xerxis,
834 2865 975 2921 Dorienses,
992 2864 1063 2912 'Phes-

138 2931 211 2977 snlias
226 2933 314 2992 populi,
326 2931 522 2992 Peloponnesum
530 2933 672 2992 invaserant,
687 2931 786 2978 ducibus
798 2932 909 2989 Temeno,
921 2934 1063 2992 Cresphonte

138 2999 164 3042 et
180 2998 326 3074 Aristodpmo
341 3010 368 3043 ex
388 2997 476 3045 familie
490 2999 604 3060 ilerculis,
618 3010 678 3056 quae
692 2997 810 3056 quondam
825 2999 856 3043 ab
869 2999 998 3056 Eurystheo
1013 3002 1066 3060 pui-

138 3077 176 3121 θα,
192 3063 256 3124 opud
271 3070 321 3109 eam
337 3065 428 3121 gentem
443 3064 589 3122 confugerat.
609 3065 700 3111 Priores
719 3064 753 3110 llll
768 3064 816 3111 duo
827 3065 932 3123 Argolide
948 3069 972 3112 et
985 3068 1067 3114 lissss·

142 3134 185 3178 nla
199 3132 268 3190 potiti
282 3132 344 3184 sunt;
359 3130 526 3191 Aristodemus,
541 3144 614 3189 quum
629 3132 652 3176 in
667 3131 731 3178 bello
741 3131 870 3192 occidisset,
880 3133 1003 3179 hanoniam
1016 3134 1069 3180 Pro·

140 3201 182 3245 olo
194 3201 218 3245 et
231 3198 371 3256 Eurpstheni
394 3199 472 3245 liberis
496 3200 598 3260 reliquit,
621 3199 683 3247 unde
699 3200 856 3246 Proelidarum
871 3202 895 3246 ot
906 3200 1068 3298 Eurpstcnidu·

141 3278 198 3314 rum
214 3265 314 3312 familiae
329 3269 411 3312 nactae
425 3270 481 3313 sunt
496 3279 590 3312 nomen

174 3333 207 3391 (2)
221 3335 261 3380 liei
275 3347 367 3380 saumas
381 3335 449 3382 alter-t
461 3333 623 3381 Plutarchus¹
616 3345 641 3380 tn
653 3334 701 3381 rita
712 3336 832 3394 Lysandri

175 3400 206 3459 (5)
223 3402 277 3460 liegl
291 3402 412 3448 Persarum
433 3403 549 3449 Artaxerxi
561 3402 686 3449 Mnemont.

175 3467 207 3530 (ip
220 3470 332 3528 intellige:
348 3469 378 3516 ab
393 3473 505 3528 Agesilao.
528 3470 624 3528 Proprie
639 3470 741 3517 Lacones
755 3472 821 3518 erant
835 3474 938 3519 veterum
952 3471 1073 3520 cultorum

210 3720 345 3784 Cornelii
362 3721 439 3800 Nep.
775 3712 776 3716 ’
978 3698 1012 3761 -Q
