2452 3938
218 239 260 302 ot
613 253 749 299 narrans

216 366 306 430 quam
326 345 426 411 conari
443 353 637 422 consuesset,
654 342 905 425 Autophrodatem
920 339 1146 425 iuCappado·

216 444 293 508 ciam
309 443 410 505 mittit.
429 441 483 505 Hic
501 461 540 504 ne
559 442 674 504 intrare
690 449 800 521 posset,
819 440 926 502 saltum
942 439 973 501 in
994 458 1054 521 quo
1069 439 1146 507 Citi-

125 562 129 571 ·
216 540 281 604 ciac
295 546 402 621 portae
421 539 468 621 (t)
485 546 556 603 sunt
575 537 662 614 sitae,
681 536 818 606 Datames
837 554 1059 617 praeoccupare
1072 546 1145 601 stu·

215 636 293 714 dnit;
313 636 365 698 sed
385 644 445 697 tam
464 634 563 698 subito
588 634 688 716 copias
706 633 880 701 contrahere
899 651 960 699 nou
984 633 1095 714 potuit.
1117 634 1145 701 A

217 751 276 814 qua
296 750 329 795 re
347 732 500 813 depulsus,
520 749 588 795 cum
606 749 642 793 ea
660 748 764 821 manu,
780 748 869 812 quam
885 738 1083 808 contraxerat,
1096 731 1145 799 io·

216 847 284 891 cum
301 828 410 907 delegit
429 829 528 906 talem,
548 836 582 891 ut
595 845 693 909 neque
709 826 917 896 circumiretur
933 825 970 889 ab
984 826 1138 908 hostibus,

213 942 311 1006 nequa
336 924 511 1006 praeteiiret
528 924 733 1000 aduersarius,
760 923 833 1004 quin
861 922 1043 1005 ancipitibus
1064 925 1143 993 locis

212 1031 413 1103 premeretur;
435 1030 475 1098 et,
489 1023 515 1085 si
532 1022 674 1091 dimicare
686 1039 753 1083 cum
773 1039 809 1082 eo
820 1021 918 1098 vellet,
934 1039 994 1088 uon
1007 1021 1140 1087 muitum

213 1117 320 1187 obesse
339 1120 497 1183 multitudo
518 1119 646 1184 bostium
669 1136 741 1184 suae
759 1117 900 1198 paucitati
919 1126 1028 1202 posset.

253 1214 329 1279 VIII.
351 1215 429 1280 Haec
447 1210 503 1280 etsi
519 1215 754 1297 Autophrodates
771 1214 900 1290 videbat,
914 1221 1013 1281 tamen
1031 1215 1140 1296 statuit

215 1313 372 1392 congredi,
393 1333 481 1394 quam
508 1332 575 1376 cum
595 1312 685 1375 tantis
706 1311 799 1393 copiis
815 1311 969 1389 refugere,
986 1319 1040 1377 ant
1057 1320 1140 1377 tam,-

212 1409 263 1472 diu
284 1411 314 1472 in
334 1429 394 1473 uno
413 1412 478 1473 loco
497 1410 611 1473 sedere.
632 1407 766 1470 Habebat
784 1407 979 1470 barbarorum
999 1408 1138 1488 equitnm

213 1506 329 1584 viginti,
349 1506 480 1587 peditum
503 1514 621 1567 centum
641 1502 752 1581 millia,
772 1522 847 1584 quos
864 1504 907 1571 ilii
927 1503 1072 1569 Cardacas
1086 1506 1138 1588 (2)

212 1602 376 1682 appellant,
403 1602 594 1682 eiusdemque
609 1600 728 1680 generis
745 1601 801 1662 tria
825 1601 1022 1680 funditorum
1043 1621 1138 1687 prae-

210 1707 292 1761 terea
313 1696 519 1779 Cappadocum
539 1707 618 1775 octo,
636 1697 844 1761 Armeniorum
868 1697 988 1774 decem,
1002 1697 1137 1779 Paphia·

212 1813 323 1873 gonum
342 1795 494 1877 quinque,
512 1795 660 1877 Phrygum
679 1795 801 1872 decem,
818 1793 966 1876 Lydorum
985 1794 1135 1878 quinque,

210 1891 431 1976 Aspendiorum
459 1893 506 1974 (3)
525 1901 555 1954 et
580 1892 744 1956 Pisidarum
768 1892 885 1955 circiter
909 1893 983 1970 tria,
1008 1891 1136 1958 Cilicum

211 1989 283 2065 duo,
299 1989 509 2072 Captianorum
525 1991 572 2072 (A)
585 1990 720 2066 totidem,
736 2009 771 2052 er
786 1988 907 2052 Graecia
918 1989 1135 2078 conductorum

207 2087 265 2150 tria
288 2088 401 2167 miilia3
422 2087 494 2151 ieris
512 2096 678 2149 armaturae
700 2084 860 2148 maximum
878 2104 1048 2151 numerum.
1070 2079 1135 2151 flas

209 2185 351 2248 adversus
373 2185 474 2266 copias
490 2203 559 2267 spes
577 2185 673 2247 omnis
700 2182 879 2247 consistebat
903 2182 1019 2246 Datami
1039 2182 1073 2247 in
1096 2202 1135 2249 sc

209 2282 327 2364 locique
345 2290 464 2361 natura3
484 2301 613 2364 namque
628 2282 717 2345 huius
730 2289 844 2362 partem
864 2300 923 2343 non
942 2279 1072 2344 habebat
1090 2279 1136 2343 ri·

210 2379 351 2447 cesimam
377 2378 517 2442 militnm.
537 2378 760 2452 Quibusdretus
778 2378 930 2456 condixit,
944 2376 1132 2440 adversario·

207 2492 337 2556 rumque
353 2477 445 2537 muita
463 2476 556 2538 millia
572 2476 718 2552 concidit,
737 2493 803 2538 cum
823 2475 860 2538 da
878 2474 972 2555 ipsius
998 2474 1133 2538 exercitu
1155 2484 1158 2489 '

206 2589 269 2635 non
287 2571 414 2651 amptius
430 2571 583 2633 bominum
599 2573 681 2634 milia
692 2571 879 2635 cecidissent.
894 2570 989 2643 Quam
1007 2570 1134 2635 obruu-

203 2687 269 2733 sam
289 2676 406 2753 postero
425 2667 474 2729 die
491 2675 645 2749 tropaeum
668 2668 766 2749 posuit
788 2687 846 2750 quo
866 2669 931 2731 ioco
957 2668 1053 2750 pridie
1067 2687 1133 2750 pu·

204 2774 340 2849 gnatum.
361 2763 436 2827 Hinc
464 2783 532 2826 cum
550 2775 645 2829 castra
668 2767 828 2846 movisset,
850 2783 981 2848 sempor,
1003 2764 1134 2831 inferior

237 2943 270 3002 (t)
283 2945 348 3003 Quae
358 2956 400 3005 per
410 2945 520 3002 mgnum
526 2943 599 2990 Tauri·
609 2941 688 2990 fauces
702 2944 816 2991 editumo
831 2942 978 3004 cappadoeta
987 2943 1013 2987 tu
1024 2942 1131 2992 curcum

206 3011 398 3138 pribbbbbbtotaa
413 3079 509 3125 minorita
518 3074 620 3138 popnto's
631 3077 737 3137 Polybius
745 3079 771 3125 et
785 3078 893 3124 tatianus
903 3076 1031 3136 affirmante
1043 3077 1130 3126 Strabo

206 3149 281 3258 autpm
287 3148 395 3259 tpr'rlitpm
415 3147 441 3194 id
454 3159 528 3206 genus
541 3145 628 3207 tuboe,
649 3148 693 3204 qui
707 3146 774 3205 raptu
797 3145 899 3193 virerent
918 3146 942 3191 et
960 3144 1049 3193 bellum
1063 3146 1130 3196 betto

210 3225 247 3261 otro
257 3226 285 3259 en
311 3226 369 3259 ren.

235 3282 265 3341 (ὅ)
283 3281 438 3341 Pamphyliam
453 3280 563 3329 colebant
576 3291 709 3340 nomenque
723 3280 754 3327 ab
768 3279 876 3340 dependo
896 3278 1028 3340 ducebant,
1036 3282 1129 3339 praeci·

205 3352 254 3395 aua
265 3351 369 3407 ipsorum
380 3349 437 3395 urba
452 3348 482 3394 ad
497 3347 675 3406 Eurymedonta.

235 3418 266 3472 (tt
282 3416 314 3463 Ito
331 3415 367 3461 hir
378 3429 459 3475 parurn
474 3418 556 3476 uquet,
571 3416 615 3462 nur
631 3415 728 3463 tortasse
745 3415 911 3474 cooperatorem
924 3415 1000 3474 regn,
1019 3425 1068 3474 ouo
1082 3426 1127 3462 no·

202 3485 267 3531 mine
282 3487 363 3545 popuii
378 3486 570 3544 ctgnitirareutur,
584 3485 623 3542 qui
638 3496 703 3531 oram
717 3484 820 3531 coierent
835 3483 911 3542 Caspii
926 3481 1005 3528 marin.
