2452 3938
206 248 247 310 dd
559 261 776 308 ruantsrocms

204 356 318 438 reliquo
331 363 475 436 tempore,
492 352 667 418 ferociorem
680 354 729 436 (t)
741 352 870 416 reddidit
881 352 1042 416 civitatem.
1057 352 1130 417 Nam

203 472 270 517 cum
290 453 416 535 pecunia
428 451 558 533 publica,
578 469 655 533 quae
673 470 708 514 ex
721 451 850 513 metallis
865 450 912 532 (2)
930 450 1058 529 redibat,
1073 451 1131 514 lar·

200 552 312 631 gitione
331 549 553 628 magistratuum
579 548 737 629 quotannis
755 548 903 625 interiret,
926 547 976 611 itte
1009 567 1132 630 persua·

200 649 239 710 ait
255 647 377 729 populo,
396 653 429 708 ut
447 665 482 708 ea
497 645 624 727 pecunia
635 645 737 707 classis
752 654 871 707 centum
890 644 1008 707 narium
1023 646 1129 739 aedid-

200 754 327 808 oaretur.
354 742 418 815 Qua
436 743 572 805 celeriter
589 742 713 819 effecta,
733 743 861 823 primum
881 740 1058 822 Corcyraeos
1081 741 1130 824 (3)

199 840 297 919 fregit,
314 840 434 930 deinde,
450 839 614 901 maritimos
628 839 794 919 praedones
814 839 1027 916 consectando,
1047 856 1129 901 mare

200 949 296 1001 tutum
317 936 455 1005 reddidit.
475 935 508 998 In
524 955 582 1016 quo
600 954 667 998 cum
688 935 798 998 divitiis
811 935 938 1012 ornarit,
956 945 1018 997 tum
1036 936 1127 998 etiam

200 1029 396 1116 peritissimos
423 1033 495 1096 belli
517 1031 629 1094 navalis
658 1031 729 1094 iecit
750 1030 958 1095 Athenienses.
977 1030 1010 1094 Id
1032 1051 1128 1114 quan·

201 1142 248 1195 tae
267 1131 354 1194 saluti
372 1131 460 1193 inerit
473 1129 628 1192 universae
646 1127 800 1205 Graeciae,
822 1127 900 1191 bello
917 1130 1068 1208 cognitum
1082 1139 1128 1192 est

120 1278 140 1309 ,¹
153 1227 326 1309 ,sopersico
347 1227 420 1290 Nam
438 1245 506 1290 cum
525 1225 635 1288 Xerxes
652 1226 700 1306 (d)
722 1234 751 1287 et
771 1227 844 1288 mari
863 1233 893 1288 et
918 1234 996 1288 terra
1011 1225 1124 1289 bellum

199 1325 352 1388 universae
371 1325 494 1388 interret
509 1321 658 1402 Europae,
678 1342 744 1384 cum
767 1323 856 1384 tantis
874 1341 939 1384 eam
961 1323 1055 1404 copiis
1073 1324 1125 1386 in·
1152 1396 1155 1402 ¹

197 1421 282 1499 rasit,
300 1428 426 1502 quantas
444 1438 542 1502 neque
560 1428 647 1481 antea
668 1438 765 1500 neque
789 1428 892 1500 postea
917 1419 1021 1483 habuit
1044 1423 1126 1502 quis-

197 1536 308 1599 quam:
330 1517 418 1579 huius
433 1517 511 1579 enim
524 1517 626 1578 elassis
646 1517 727 1579 mille
744 1525 775 1579 et
790 1517 985 1580 ducentarum
1001 1519 1123 1581 navium

196 1614 351 1692 longarum
373 1614 448 1688 fuit,
474 1632 563 1695 quam
582 1613 641 1675 duo
667 1613 760 1675 millia
779 1615 983 1685 onerariarum
1008 1633 1122 1696 seque-

197 1711 317 1788 bantur,
339 1719 492 1774 terrestres
511 1720 609 1772 autem
625 1711 771 1774 exercitus
786 1711 1041 1792 septingentorum
1055 1713 1123 1776 mil·

196 1809 268 1871 lium
294 1808 440 1890 pediturn,
463 1809 596 1890 equitum
617 1806 902 1889 quadringentorum
916 1811 1043 1873 millium
1055 1811 1122 1874 tue·

195 1916 276 1966 runt.
298 1904 387 1969 (iuius
410 1906 447 1968 de
465 1906 591 1968 adventu
610 1925 677 1967 cum
700 1906 778 1968 sarna
806 1907 837 1968 in
862 1905 1015 1970 Graeciam
1042 1921 1120 1971 esset

195 2004 326 2084 perlata,
346 2011 375 2066 et
394 2003 522 2066 maxime
544 2003 741 2065 Athenienses
761 2005 819 2085 peti
839 2004 1030 2083 dicerentur,
1048 2026 1120 2088 pro-

147 2176 150 2181 ,
195 2101 1117 2183 pterpngnammarathoniam,miseruntDelphosconsultum,

194 2199 336 2280 quidnam
363 2200 495 2261 iacerent
521 2199 557 2261 dc
585 2199 675 2261 rebus
699 2200 770 2262 suis.
802 2198 1043 2263 Deliberantibus
1069 2203 1118 2283 (5)

193 2295 296 2376 Pythia
307 2297 471 2378 respondit,
484 2305 517 2357 ut
530 2295 685 2358 moenibus
695 2296 798 2374 ligneis
809 2315 841 2358 se
856 2297 1015 2360 munirent.
1028 2298 1062 2361 Id
1072 2319 1119 2362 re·

193 2410 333 2473 sponsum
346 2412 405 2474 quo
421 2394 543 2469 valeret,
562 2413 629 2455 cum
645 2394 821 2471 intelligeret
838 2414 937 2472 nemo,
951 2395 1120 2460 Themisto·

193 2489 254 2550 cles
272 2489 429 2570 persuasit,
449 2490 605 2553 consilium
629 2509 694 2553 esse
709 2491 866 2572 Apollinis,
892 2492 967 2554 utin
983 2512 1117 2558 naresse

192 2603 305 2666 suaque
317 2586 496 2664 conterrent3
517 2606 585 2649 eum
604 2588 683 2650 enim
704 2607 721 2649 a
739 2587 799 2649 Deo
819 2589 978 2667 significari
997 2610 1114 2653 murum

192 2681 334 2760 ligneum.
352 2681 415 2744 Tali
430 2684 553 2745 consilio
565 2684 702 2765 probato,
717 2686 829 2747 addunt
841 2687 877 2747 ad
892 2687 1061 2767 superiores
1074 2698 1118 2751 to·

222 2881 254 2940 (Ι)
265 2883 328 2930 liat:
346 2883 429 2940 Meplr'o
440 2884 550 2942 apparea-rt
562 2884 585 2929 lu
596 2885 664 2930 cr’ttd.
676 2884 752 2930 derce
761 2885 825 2930 enlm
837 2887 885 2930 turn
900 2885 978 2931 latinis
988 2885 1037 2930 lum
1053 2885 1115 2931 italia

190 2952 345 3012 scriptoribus
360 2963 407 2996 non
419 2965 511 3012 semper
526 2953 561 2998 est
571 2964 667 3011 saevus,
687 2952 808 3012 sedsaepe
823 2953 908 3012 eliam,
924 2955 971 3012 qui,
987 2953 1071 3000 virium
1087 2967 1115 3000 oc

190 3021 248 3066 turis
262 3019 306 3066 sibi
319 3019 425 3064 conscius
434 3018 574 3065 laudandam
588 3031 644 3077 prae
652 3031 678 3064 se
690 3018 733 3064 lert
745 3020 893 3077 dignitatern.
901 3019 1008 3066 Horatius
1017 3020 1070 3077 (οᾱ.
1079 3023 1115 3082 nl,

190 3087 214 3148 ὅ,
229 3088 259 3133 ta
269 3091 290 3144 l:

237 3196 240 3202 ,
307 3157 422 3203 ...atet
436 3157 573 3216 Capitolium
589 3155 688 3216 fulgens,
704 3158 898 3217 triumphatisque
913 3157 985 3215 possit

306 3225 379 3270 Romu
392 3223 459 3270 teron
474 3224 529 3270 darc
544 3226 595 3269 lura
610 3224 688 3271 ttedts.

218 3291 249 3346 (2)
265 3291 348 3337 Montis
362 3292 446 3349 taurii,
461 3292 504 3349 qut
516 3292 540 3336 in
557 3293 649 3348 regione
663 3295 734 3339 attica
748 3293 804 3338 erat.

219 3359 249 3418 (ὅ)
266 3361 363 3418 Corcyra
378 3361 438 3406 lonii
453 3359 523 3406 marla
538 3361 615 3405 insula
630 3359 691 3420 luit,
707 3360 877 3408 recentioribus
894 3358 971 3418 uersu.

219 3426 250 3480 (lt
267 3428 329 3472 Darii
343 3428 418 3482 tilium
438 3429 559 3487 palernam
574 3427 663 3474 cladem
680 3430 780 3475 ulturus.

218 3493 251 3551 (5)
266 3491 299 3540 ct.
313 3497 380 3539 notas
395 3495 425 3539 ad
440 3495 548 3542 Macrino.
564 3506 615 3554 cup.
631 3495 647 3540 l.
