2452 3938
512 234 647 281 uertens
997 221 1040 285 89

101 386 111 403 ,
157 325 195 392 11.
215 325 283 390 Pari
307 345 340 389 se
356 325 463 389 uirtute
481 336 583 409 postea
609 326 758 410 praebuit,
780 346 849 391 cum
866 327 1038 410 Autophra-

115 422 200 489 dates
221 425 281 507 (l),
299 424 382 486 iussu
400 425 491 503 regis,
506 424 584 488 bello
602 433 830 507 persequeretur
846 444 897 487 eos
915 426 966 508 qui
985 425 1038 488 de·

115 524 249 585 lacerant
267 520 326 603 (2).
346 519 479 602 Namque
497 521 585 584 huius
603 523 823 603 operationes,
850 540 918 583 cum
941 530 1037 584 castra

118 618 178 680 iam
197 619 376 694 intrassent,
406 618 552 699 profligati
575 627 660 696 suut,
684 619 887 700 exercitusque
905 618 1038 701 reliquus

47 795 50 798 ἦ
117 723 307 777 conservatus
326 715 404 793 regis
418 723 473 777 est.
492 712 556 785 Qua
571 734 607 776 ex
623 734 655 778 re
669 714 830 777 maioribus
846 714 933 777 rebus
952 733 1037 795 prae·

117 830 184 875 esse
197 811 306 893 coepit.
330 811 402 873 Erat
415 830 450 874 eo
469 821 601 895 tempore
618 812 728 894 Thyus,
754 811 890 894 dynastes
914 812 961 893 (3)
978 810 1039 873 Pa-

116 910 294 993 phlagoniae
314 908 360 990 (i)
380 909 502 990 antiquo
513 928 622 989 genere
641 917 729 972 natus
747 908 955 990 aPylaeruene
973 908 1037 986 iiio,

117 1025 208 1090 quein
235 1002 381 1067 Homerus
411 1007 502 1069 troico
531 1004 609 1068 bello
637 1025 655 1068 a
683 1005 817 1068 Patroclo
847 1005 1037 1068 interiectum

117 1106 160 1167 ait
179 1104 239 1185 (5).
259 1101 288 1165 Is
305 1102 368 1181 regi
386 1102 463 1164 dicto
482 1103 606 1166 audieus
624 1122 683 1164 nou
701 1111 775 1164 eret.
794 1100 888 1173 Quam
910 1100 946 1163 oh
962 1121 1037 1164 ceu·
1079 1090 1083 1099 ’

116 1221 182 1264 sani
195 1201 274 1263 bello
300 1219 369 1263 eum
387 1200 526 1281 persequi
544 1199 707 1278 constituit,
731 1200 818 1280 eiquo
835 1199 878 1262 rei
897 1196 1039 1280 pracfecit

116 1299 274 1376 Datamen,
296 1299 494 1380 propinquum
511 1296 727 1379 Paphlagonis3
752 1315 881 1378 natuque
899 1314 934 1357 ex
951 1295 1042 1356 lratre

117 1406 149 1460 et
167 1412 269 1458 sorore
286 1404 370 1458 erant
394 1395 456 1456 nati
475 1393 535 1476 (d).
559 1392 653 1465 Quam
676 1394 714 1456 ob
736 1413 875 1472 causaue,
904 1393 1042 1455 Datames

118 1495 221 1565 omnia
235 1494 363 1575 primum
381 1492 509 1574 experiri
523 1493 627 1570 voluit,
651 1500 696 1570 ut,
715 1491 900 1571 sincerans,
918 1495 1041 1577 propin-

119 1610 212 1676 quum
231 1591 268 1653 ad
286 1581 413 1654 officium
440 1590 606 1652 reduceret.
636 1589 679 1652 dd
704 1608 792 1671 quern
821 1609 888 1653 curn
913 1593 1042 1656 venisset

118 1691 186 1754 sine
203 1688 362 1771 praesidio,
378 1688 457 1770 quod
472 1686 509 1749 ab
524 1688 620 1749 amico
631 1688 727 1749 nullas
740 1698 890 1750 vereretur
902 1689 1039 1769 insidias,

119 1805 215 1871 paene
236 1785 367 1848 interiit:
384 1804 452 1848 narn
471 1784 647 1866 Thyuseurn
661 1785 736 1847 clam
754 1785 920 1848 interlicere
937 1788 1038 1850 noluit.

119 1885 194 1948 Erat
208 1891 302 1945 mater
318 1901 386 1944 cuni
404 1882 538 1960 Datame,
559 1882 649 1944 emita
669 1881 883 1963 Paphlagonis:
904 1902 950 1962 ea,
970 1885 1042 1967 quid

119 1987 269 2060 ageretur,
287 1980 398 2056 resciit,
414 1979 568 2061 liliumque
579 1979 705 2041 monuit.
718 1978 770 2041 ille
788 1979 856 2058 luga
874 1981 1041 2061 periculum

120 2076 251 2154 evitant,
270 2070 441 2157 bellumque
456 2076 561 2151 indixit
572 2075 664 2156 Thyo.
680 2075 713 2137 Iu
733 2094 804 2157 quc,
820 2095 887 2139 curn
901 2078 938 2140 ab
958 2077 1042 2140 Ario·

120 2171 248 2237 bacuane
266 2173 326 2254 (i),
341 2173 488 2254 praelecto
502 2171 611 2254 Lydiae
627 2173 764 2235 ettoniae
783 2173 931 2256 totiusque
946 2173 1040 2257 Pliry-

107 2270 200 2351 yiee,
229 2270 363 2332 desertus
391 2279 485 2345 esset,
512 2268 605 2331 nihilo
624 2269 746 2348 segnius
763 2272 976 2351 perseverarit,
997 2273 1044 2336 ri·

121 2384 253 2448 rumque
272 2365 384 2446 Tlryum
403 2367 482 2448 cepit
496 2384 563 2427 curn
579 2385 671 2429 uxore
689 2375 718 2429 et
735 2367 848 2431 liberis.

162 2462 212 2526 ΙΙΙ.
231 2461 321 2526 Cuius
335 2463 403 2524 lacti
421 2481 459 2525 ne
476 2462 557 2545 prius
577 2463 656 2526 lerna
674 2464 711 2526 ad
725 2482 837 2543 regem,
856 2484 944 2548 quern
964 2466 1041 2550 ipse,

121 2559 301 2644 perveniret,
320 2559 402 2622 dedit
417 2578 549 2642 operam.
568 2559 683 2642 Itaque,
703 2562 841 2624 omnibus
860 2563 973 2641 insciis,
991 2556 1042 2643 eo,

121 2656 176 2722 ulii
193 2665 257 2720 erat
273 2675 335 2733 rex,
361 2657 452 2733 venit,
471 2665 650 2738 posteroque
675 2657 723 2720 die
741 2658 868 2740 Thyunr,
887 2661 1038 2726 homiuem

152 2784 186 2842 (ll
198 2782 327 2831 Praefectus
342 2784 433 2843 Lydiae.
1028 2794 1032 2801 ·

154 2853 189 2914 (ὓ)
203 2853 290 2913 Nmpe
305 2853 400 2915 tycius,
416 2854 514 2917 Pisidae,
537 2853 691 2914 Pamphylloe.
707 2855 799 2914 cilices,
815 2856 890 2915 siros,
906 2847 1042 2918 Phoenices,

122 2923 230 2980 aliosque
244 2922 268 2967 in
282 2934 325 2968 ore
338 2922 428 2968 asiatici
442 2923 519 2969 marie.

155 2989 188 3048 (ὅ)
201 2991 289 3036 Graeca
302 3001 372 3036 vexa
388 2992 460 3038 uerbo
472 2991 579 3057 δύναμαι,
592 3003 694 3051 mamm,
707 3003 769 3050 quae
784 2991 904 3051 imperium
919 2984 1045 3060 signitieet;

123 3057 205 3117 paullo
219 3055 280 3104 iulra
296 3063 364 3118 tcap.
377 3060 424 3114 rii)
442 3071 518 3117 reyem
532 3071 587 3105 eum
598 3057 707 3118 appellat.

153 3123 187 3185 tit
198 3125 265 3171 istae
279 3127 376 3174 minoris
388 3129 508 3186 provincia
522 3127 565 3173 luit
579 3128 605 3173 in
620 3126 765 3174 meridionali
779 3125 861 3172 Euxini
872 3139 921 3187 ore,
937 3138 998 3184 quae
1013 3128 1044 3174 ad

123 3193 240 3240 orientem
253 3194 349 3241 flumine
362 3195 425 3255 ilaly,
439 3196 469 3242 ad
482 3195 600 3242 meridiem
609 3195 692 3242 eodem
700 3195 797 3242 flumine
811 3196 835 3241 et
846 3195 942 3255 Olympo
954 3197 1043 3256 monte,

122 3261 156 3306 ad
170 3261 317 3309 occidentem
332 3262 439 3322 Bithynia
452 3264 540 3310 finitur.

156 3328 189 3385 (a)
203 3327 267 3376 iliad.
279 3341 301 3389 v,
317 3331 368 3376 5762
387 3343 465 3377 verum
480 3330 511 3376 ibi
526 3330 556 3376 de
571 3330 682 3391 llenelao,
693 3343 740 3378 non
749 3330 778 3377 de
794 3330 899 3377 Patrocle
913 3343 990 3378 sermo
999 3333 1043 3380 eet.

154 3395 190 3452 (⁸)
204 3395 274 3443 llatae
289 3397 351 3442 entre
365 3397 467 3444 itatenus
482 3397 540 3458 Tityi
554 3401 625 3445 amita
637 3397 680 3446 tuit
692 3401 718 3446 ut
732 3398 794 3444 inira
807 3399 878 3458 petet.
951 3426 953 3431 ,

157 3459 190 3522 (l)
205 3463 261 3510 Nam
276 3463 314 3510 ite
328 3477 424 3524 quoque
440 3479 454 3512 a
468 3480 521 3524 rege
537 3466 628 3514 deleuit.
