2452 3938
573 246 643 292 mon
869 234 871 238 '
1033 230 1072 293 73

120 349 225 424 ptum
244 337 344 416 dedit,
363 338 519 420 filiumque
537 338 601 400 eius
619 339 662 399 sie
688 336 809 401 educari
833 337 930 417 iussit,
956 346 1001 416 ul,
1021 340 1072 401 in·

120 430 311 516 dulgendo‚
340 435 519 516 turpissimis
541 435 728 498 imbueretur
753 435 978 517 cupiditatibus.
998 434 1071 498 Nam

121 553 255 618 puero,
274 533 448 614 priusquam
472 531 567 614 pubes
592 541 687 610 esset,
711 540 807 594 scorta
824 532 1070 612 adducebantur;

126 632 209 694 vino
230 630 387 711 epulisque
405 629 609 707 obruebatur3
639 647 737 710 neque
760 630 855 692 ullum
875 637 992 711 tempus
1020 649 1073 692 so-

125 727 208 790 brio
229 727 277 809 (l)
300 724 537 806 relinquebatur.
563 725 591 787 Is
613 745 710 808 usque
734 744 769 788 eo
790 726 838 808 (2)
857 727 934 788 ritae
962 735 1072 789 statum

127 832 359 888 commutatum
378 824 455 886 ierre
482 841 543 884 non
567 823 679 903 potuit,
706 832 863 904 postquam
887 825 920 885 in
945 824 1070 905 patriam

127 922 231 985 rediit
250 929 334 1003 pater
352 921 496 1001 (namque
515 920 642 1001 appositi
665 929 750 983 erant
772 921 909 983 custodes
932 922 984 1001 qui
1002 939 1072 983 eum

132 1018 305 1100 alpristino
323 1017 401 1079 rictu
421 1017 629 1096 deducerent),
653 1024 687 1078 ut
704 1036 736 1078 se
756 1018 793 1078 de
810 1018 965 1098 superiore
990 1024 1073 1099 parte

132 1115 264 1178 aedium
294 1113 453 1192 deiecerit,
484 1122 574 1194 atque
592 1114 634 1175 ita
656 1113 804 1176 interierit
829 1114 888 1196 (3).
913 1112 970 1176 Sed
1002 1115 1073 1183 illuc

132 1222 288 1275 revertor.
435 1206 463 1227 ·’

182 1307 221 1372 V.
243 1309 403 1393 Postquam
429 1307 604 1372 Corinthum
633 1309 764 1390 pervenit
791 1307 884 1385 ilion,
910 1317 940 1370 et
966 1309 1072 1371 eodem
1116 1312 1126 1333 ⁴

134 1407 277 1492 perfugit
292 1406 475 1483 Heraclides,
501 1406 539 1469 ab
562 1406 667 1469 eodem
686 1408 826 1489 expulsus
849 1406 1001 1487 Dionysio,
1022 1406 1074 1487 qui

135 1505 315 1587 praelectus
332 1504 430 1566 iuerat
448 1503 595 1584 equiturn,
616 1505 697 1565 omni
713 1504 828 1566 ratione
847 1504 968 1566 ‘bellum
988 1522 1073 1565 eom-

135 1619 253 1684 parare
266 1609 440 1682 coeperunt.
457 1598 517 1662 Sed
533 1619 592 1662 uon
611 1603 736 1663 multum
760 1600 967 1682 proficiebant,
994 1600 1074 1681 quod

135 1700 310 1763 multorum
328 1716 473 1760 annorum
498 1697 630 1779 tyrannis
649 1717 821 1776 magnarum
838 1716 927 1779 opum
944 1699 1074 1779 putaba-

138 1805 194 1861 tur
216 1795 279 1878 (d).
299 1793 393 1867 Quam
406 1795 445 1857 ob
463 1814 582 1856 eausam
595 1795 683 1875 pauci
702 1796 738 1858 ad
756 1796 928 1857 societatem
948 1796 1075 1877 periculi

139 1893 400 1977 perducebantur.
421 1891 479 1955 Sed
500 1892 594 1969 Dion,
615 1892 707 1955 fretus
733 1911 794 1955 non
819 1900 878 1957 tam
897 1893 960 1954 suis
979 1893 1074 1972 copiis

141 2009 237 2073 quern
256 1989 325 2052 odio
344 1990 479 2071 tyranni,
506 1991 633 2051 maximo
662 1989 774 2067 animo,
794 1990 910 2052 duabus
930 1989 1075 2051 onerariis

137 2087 285 2164 navibus,
304 2087 521 2169 quinquaginta
539 2105 685 2148 annorum
706 2087 866 2167 imperium
884 2087 944 2169 (5),
973 2086 1074 2147 muni·

144 2192 211 2247 tum
231 2183 401 2266 quingentis
419 2184 514 2262 longis
542 2184 685 2261 naribus,
703 2184 807 2246 decem
828 2184 981 2265 equilum,
1000 2202 1074 2246 ceu·

140 2289 211 2344 tum
226 2282 372 2363 peditum
402 2281 551 2358 millibus,
578 2282 727 2362 proiectus
755 2269 970 2363 oppugnatum,
994 2279 1075 2363 quod

142 2378 288 2442 omnibus
301 2378 441 2457 gentibus
451 2378 626 2441 admirabile
640 2388 685 2442 est
699 2379 807 2456 visum,
820 2379 893 2441 adeo
909 2379 996 2440 facile
1008 2398 1075 2460 per-

144 2475 236 2554 culit,
252 2483 299 2553 ut,
318 2485 384 2558 post
401 2476 480 2539 diem
501 2477 620 2539 tertium
647 2495 736 2558 quam
764 2474 896 2540 Siciliam
926 2477 1073 2554 attigerat,

144 2567 307 2654 Syracusas
319 2573 478 2636 introierit.
493 2575 535 2636 ux
550 2594 608 2655 quo
621 2574 746 2653 intelligi
757 2582 866 2656 potest,
880 2574 995 2637 nullum
1009 2593 1075 2637 esse

180 2799 214 2862 (Ι)
224 2800 349 2858 Eleganter
361 2814 404 2860 pro
419 2813 448 2848 eo
463 2801 528 2859 quod
545 2804 613 2862 esset,
629 2782 707 2859 neque
723 2803 772 2848 ullo
788 2803 891 2862 tempore
906 2802 1009 2848 sobrium
1025 2813 1077 2847 esse

149 2867 274 2994 equpaprtt.)
284 2936 377 2993 vulgari
392 2937 457 2984 odeo.

178 3001 211 3066 (dl
226 3003 278 3060 Qua
292 3004 316 3048 lu
328 3015 354 3048 re
370 3003 452 3048 Dionis
466 3004 597 3049 constantia
611 3003 674 3049 clare
683 2999 754 3048 tutstt
767 3002 844 3059 Quum
859 3000 923 3047 enim
939 2999 1075 3046 adolescen-

152 3071 193 3117 tull
207 3070 376 3130 corpusculum
391 3070 549 3116 exanimatum
565 3071 595 3116 ad
611 3083 665 3117 eum
678 3069 820 3124 detulissent,
835 3079 890 3114 cum
905 3067 985 3113 amicis
998 3067 1027 3113 tle
1039 3080 1077 3127 pn·

133 3186 136 3193 g
153 3137 203 3184 trtts
212 3137 285 3184 rebus
299 3138 479 3198 consultantem,
495 3138 527 3183 ntt
538 3139 601 3184 ultre
609 3138 694 3198 coepta
708 3137 830 3183 lutermtsit
844 3136 951 3195 oonsttia,
965 3146 1035 3194 quam
1051 3140 1077 3182 ut

155 3205 211 3251 tradi
221 3204 358 3252 mulieribus
373 3205 467 3252 luberet
481 3206 510 3252 ad
524 3205 603 3253 lunas.

183 3273 214 3332 (l)
228 3273 292 3321 ital:
309 3273 395 3319 Pereat
408 3288 455 3320 aaa
470 3275 599 3335 tirannide,
625 3277 685 3320 tenti·
703 3276 761 3320 aaut
780 3273 885 3332 duroto,
899 3275 921 3318 et
934 3274 1030 3319 credevu
1051 3275 1079 3317 at

147 3340 308 3469 -Mbglobnuos
318 3411 381 3458 enlm
396 3412 452 3458 oelo
466 3411 489 3456 et
503 3411 595 3469 lrtgtnta
609 3411 748 3468 regnaverat
761 3411 851 3475 priscus
868 3408 1002 3469 blonyslus3
1018 3407 1076 3454 tunc

153 3479 230 3527 sunm
240 3479 287 3525 lam
300 3478 427 3525 duodecim
442 3480 516 3540 erant,
531 3491 585 3525 eum
597 3480 721 3539 imperium
737 3479 814 3526 lunior
828 3477 976 3543 suscepisset.
