2452 3938
178 241 238 301 tao
565 253 711 297 nauatam

174 366 244 412 oure
260 346 442 420 instituerat,
467 363 598 424 enmono,
618 345 720 407 ceteris
736 344 866 419 rentotia,
891 350 1033 405 tenentem
1052 338 1107 421 (i).

173 447 279 508 inrore
302 443 389 506 inerit
406 459 570 521 numpnom
587 459 634 504 me
657 442 691 504 in
713 439 846 504 amicitie
869 457 937 502 etum
956 441 1101 502 Romania

171 543 247 623 sore.
267 542 303 604 let
320 558 371 621 epo
389 540 603 602 iusiurandum
622 539 707 618 putri
732 540 835 602 dotum
857 550 948 616 napae
968 538 1009 600 eit
1021 533 1101 604 burm

173 641 250 703 ritem
261 639 303 700 ito
320 637 500 710 conservavi,
519 643 552 697 nt
563 636 678 698 nomini
694 636 818 699 dubium
831 635 1012 711 resedebant,
1026 636 1101 714 proin

171 737 286 815 reliquo
304 743 430 814 tempore
453 735 551 797 eodem
575 742 671 796 niente
692 735 749 796 sim
771 733 906 812 interna.
936 733 1100 808 (inarmai

173 834 246 914 point
258 833 350 895 niniae
366 833 401 893 oe
418 832 560 894 Romanis
576 832 726 913 eopitobis,
745 849 807 893 non
831 831 1032 911 imprudenter
1050 831 1099 911 fe-

172 931 250 993 ceris
267 930 293 991 si
317 947 364 990 me
382 929 486 991 celeris
508 929 567 1008 (t).
597 930 673 992 Gom
694 928 811 1007 puidam
835 929 940 992 bellum
956 929 1096 1007 parebis,

173 1037 200 1091 te
221 1027 319 1105 ipsum
342 1025 548 1104 frustraberis,
563 1026 591 1088 si
607 1043 670 1088 non
690 1042 736 1107 me
752 1026 787 1088 in
813 1043 844 1088 eo
859 1026 1026 1106 prinoipem
1038 1044 1098 1108 po·

170 1125 279 1186 sueris.
490 1133 492 1137 '

213 1219 263 1281 lll.
289 1219 349 1280 Hae
371 1219 479 1298 igitur,
500 1238 559 1301 qua
588 1219 733 1296 diximus,
755 1228 850 1282 aetate
869 1239 936 1282 eum
955 1231 1038 1302 patre
1066 1223 1098 1287 in

125 1304 128 1311 ¹
170 1316 341 1399 Hispaniam
365 1317 514 1398 proiectus
532 1324 587 1378 est.
609 1315 699 1379 Cuius
724 1326 790 1398 posi
815 1317 941 1405 obitum,
961 1316 1097 1382 Hasdru-

171 1416 237 1477 bale
256 1416 435 1497 imperatore
455 1413 591 1490 suffectu,
611 1414 756 1495 equitatui
771 1415 855 1476 omni
875 1415 1012 1496 praefuit.
1034 1412 1098 1480 Hoc

94 1497 290 1595 21{259qnoque
308 1512 476 1587 interfecto,
495 1511 641 1572 exercitus
662 1529 809 1572 summam
833 1513 952 1594 imperii
970 1514 1008 1575 ad
1026 1533 1098 1578 eum

94 1610 286 1672 aamdeiulii.
308 1609 340 1670 Id
358 1607 563 1686 Carthaginem
587 1607 717 1669 delatum
736 1608 854 1689 publice
882 1610 929 1691 (3)
955 1630 1097 1694 campro-

170 1707 272 1768 batum
291 1714 347 1767 esi.
367 1703 415 1766 Sin
432 1703 580 1766 Hannibal
598 1705 696 1766 minor
713 1705 845 1788 quinque
864 1716 893 1770 ei
918 1708 1019 1788 viginti
1038 1729 1097 1773 an·

171 1805 217 1866 nis
237 1813 336 1881 natus,
356 1803 520 1884 imperator
536 1803 649 1881 iaetus,
680 1804 813 1885 proximo
834 1805 962 1868 triennio
991 1825 1098 1870 omnes
1193 1878 1200 1895 .

169 1911 271 1982 gentes
289 1901 450 1983 Hispaniae
473 1901 550 1962 bello
566 1901 682 1979 subegit
700 1901 760 1982 (l).
786 1900 962 1982 Saguntum,
989 1905 1096 1968 loede-

170 2008 263 2061 ratam
283 2000 331 2080 (5)
351 1999 511 2074 civitatem,
532 1999 559 2060 vi
573 1999 768 2080 expugnavit;
792 2007 851 2062 tres
870 2001 1015 2064 exercitus
1033 2020 1099 2064 ma·

92 2099 265 2161 omonimus
284 2097 476 2178 comparavit.
495 2096 538 2158 Ex
556 2097 601 2159 bis
619 2116 711 2158 unum
730 2096 760 2158 in
783 2096 913 2160 Africam
933 2097 1032 2178 misit3
1053 2100 1099 2162 al·

173 2204 268 2258 terum
285 2193 555 2256 outhasdrubale
575 2195 664 2256 fratre
682 2195 713 2258 in
731 2193 873 2276 Hispania
890 2195 1023 2277 reliqnii3
1037 2203 1098 2258 ter-

172 2293 244 2355 tium
270 2293 299 2352 in
319 2291 432 2352 Italiam
460 2311 560 2353 seeum
592 2292 685 2353 duxit.
706 2290 818 2353 Saltum
844 2288 1027 2374 Pyrenaeum
1046 2293 1096 2374 (6)

170 2389 301 2452 transiit.
320 2385 513 2469 Quacumque
537 2389 593 2452 iter
619 2389 707 2467 iecit,
731 2407 797 2451 cum
822 2389 960 2456 omnibus
988 2390 1098 2454 ineolis

171 2483 315 2551 conflixit:
335 2485 485 2546 neminem
505 2486 561 2546 nisi
586 2486 695 2548 vietum
721 2487 844 2549 dimisit.
865 2487 907 2549 ild
931 2488 1020 2569 Alpes
1038 2507 1097 2568 po·

114 2661 117 2669 ’
205 2657 235 2715 (lt
253 2659 308 2704 Nam
324 2669 417 2704 manum
432 2669 511 2703 sacrae
526 2658 559 2704 ilii
576 2659 608 2704 rei
624 2659 789 2718 admovebant,
801 2662 869 2706 euius
883 2674 910 2708 se
925 2661 1040 2717 religione
1056 2662 1107 2709 rel·

175 2734 226 2778 lent
241 2732 395 2788 adstringere,
415 2731 511 2776 Plautus
529 2729 597 2783 illud.
612 2743 632 2788 r,
648 2733 670 2789 2,
686 2731 731 2787 lbi:
747 2731 823 2790 Tempe
837 2746 905 2778 arom
920 2733 981 2778 banc
998 2733 1108 2781 Veneria.

175 2829 203 2839 -
222 2805 306 2863 Ynnpo.

207 2878 237 2928 (2)
253 2877 320 2936 Quod
337 2890 422 2936 nempe
438 2877 513 2923 amice
528 2878 618 2935 cogitas
633 2875 662 2923 de
678 2877 795 2924 nonanta

108 2943 110 2945 ’
206 2953 237 3008 (5)
254 2951 350 2996 Publice
365 2951 468 2996 decreto.

205 3025 236 3081 (i)
254 3025 345 3070 Futedue
359 3025 474 3069 liomnnos
488 3023 549 3068 inter
563 3025 588 3069 et
601 3022 807 3078 Carthaginienses
823 3024 902 3080 icium,
918 3023 1054 3082 Hispaniam
1072 3024 1107 3070 ila

177 3099 272 3152 uitrique
288 3096 377 3155 populo
394 3096 531 3153 patiebatur,
546 3097 570 3140 ut
586 3108 613 3139 ea
626 3107 688 3153 pars,
702 3106 763 3151 quae
775 3097 811 3139 est
827 3097 892 3139 trans
905 3094 995 3140 iberum
1011 3106 1105 3140 amnem

178 3169 257 3224 libro)
271 3170 495 3223 Carthaginiensium
512 3171 579 3225 esset,
595 3180 656 3224 uuna
668 3168 737 3220 citra,
749 3167 919 3222 Romanorum
933 3169 1030 3224 Sagunti
1046 3169 1106 3213 urbs

178 3241 255 3286 media
270 3241 330 3286 inter
345 3254 387 3285 eos
401 3244 452 3286 stris
476 3240 567 3296 legibue
590 3242 677 3285 viveret
697 3241 774 3285 neutri
789 3239 902 3284 subiecta.
919 3241 963 3284 Sed
980 3239 1107 3300 Hannibal,

177 3324 285 3358 caussam
298 3313 353 3358 belli
365 3325 491 3370 quaereus„
501 3314 627 3366 Saguntum
641 3312 784 3368 expugnarit
795 3314 825 3366 et,
837 3307 945 3369 Hispania
960 3312 1027 3357 omni
1039 3313 1107 3358 trans

178 3385 270 3430 iberum
287 3388 383 3443 potitus,
399 3397 440 3442 per
455 3385 550 3429 Galliam
567 3387 589 3428 in
606 3384 693 3429 ltaliam
708 3384 840 3429 contendit.

210 3460 241 3507 ibt
256 3461 313 3502 Cum
327 3458 444 3502 [iomanis.
462 3459 577 3513 Loquitur
588 3458 712 3502 Cornelius
728 3468 845 3503 romanus.

207 3529 238 3590 (6)
255 3531 344 3577 llontes
360 3531 500 3588 Pyrenaeos,
515 3532 557 3586 qut
569 3531 665 3575 (inlitam
681 3532 705 3576 et
720 3530 853 3588 iitspaniarn
869 3528 985 3578 dividunt.
