2452 3938
488 238 692 288 nrsumonms
1011 240 1051 302 99

124 339 215 385 nemo
231 318 390 388 Thebanus
408 329 517 409 magis:
541 350 611 394 nam
629 344 660 395 et
677 334 849 402 citharizare
871 348 901 404 et
929 355 1051 410 oarrtare

123 420 164 483 ad
176 419 355 505 chordarum
372 442 478 488 sonum
494 427 598 490 doctus
613 437 689 493 est-a
700 430 838 515 Dionysio
846 438 906 518 (1),
925 442 976 521 qui
991 461 1052 505 nnn
1132 510 1135 516 ,

121 523 242 586 minore
269 520 324 587 tuit
349 521 381 584 in
409 524 530 586 musicis
559 527 652 605 gloria
669 546 757 608 quam
781 533 894 596 Damon
915 536 982 617 (2),-
1000 547 1053 602 aut

120 617 271 699 Lamprus
289 617 355 699 (3),
384 638 511 700 quorum
533 625 702 704 pervulgata
726 637 796 691 sunt
819 632 959 711 nomina;
983 653 1055 696 car-

122 715 209 779 mina
231 725 350 778 cantara
377 717 458 780 tibiis
476 718 513 781 ab
534 717 764 802 Olympiodor03
791 728 900 791 saltare
924 749 942 791 a
960 728 1051 792 Galli-

95 876 98 882 ,
120 808 241 896 phrdne
253 812 313 895 (i).
328 812 366 875 ht
376 814 582 897 philosophiae
593 830 815 903 praeceptorem
832 825 938 888 habuit
950 825 1049 908 Lysim

121 909 320 988 tarentinum,
335 909 549 992 Pythagoreum
569 915 630 996 (5);
649 917 698 979 cni
717 920 837 999 quidem
857 923 900 984 sie
921 923 977 985 snit
993 923 1049 986 da·

121 1006 219 1086 ditus,
238 1015 273 1071 ut
284 1007 455 1071 adolescens
471 1011 584 1073 tristem
600 1021 630 1074 et
643 1031 779 1077 seuerum
794 1034 897 1080 senem
910 1019 1049 1083 omnibus

123 1105 302 1188 aequalibus
330 1106 393 1168 suis
410 1107 442 1168 in
471 1108 673 1173 familiaritate
696 1115 920 1194 anteposuerit3
952 1134 1050 1197 neque

122 1205 212 1291 prius
229 1222 298 1267 enm
316 1222 380 1266 ase
399 1205 545 1267 dimiserit
561 1226 651 1287 quam
665 1207 697 1269 in
714 1209 856 1271 doctrinis
873 1219 954 1274 tanto
968 1221 1052 1276 ante-

123 1302 251 1368 cesserit
277 1301 505 1383 condiscipulos,
535 1314 569 1366 ut
593 1305 680 1367 facile
704 1306 830 1386 intelligi
849 1316 961 1389 posset,
985 1293 1062 1390 pari-

121 1401 217 1466 modo
248 1408 457 1482 superaturum
487 1419 590 1464 omnes
618 1403 652 1464 in
678 1404 784 1467 ceteris
801 1404 926 1467 artibus.
955 1404 1053 1486 Atque

123 1500 203 1562 haec
219 1498 256 1561 ad
280 1505 410 1560 nostram
433 1498 677 1562 cousuetudinem
697 1511 766 1564 sunt
792 1503 880 1580 levia,
902 1512 932 1565 et
953 1504 1051 1583 potius

69 1606 85 1633 ·'
122 1596 347 1661 contemnenda
364 1597 472 1678 (b);·at
495 1597 527 1657 in
545 1595 667 1660 Graecia
695 1600 798 1679 utique
824 1601 894 1664 otim
927 1619 1052 1680 magnae
1113 1622 1144 1679 g

120 1691 211 1756 laudi
223 1699 319 1755 erant.
334 1691 494 1774 Postquam
515 1693 647 1775 ephebus
661 1695 708 1777 (l)
719 1696 815 1759 iactus
827 1707 883 1774 est,
901 1706 932 1760 et
947 1695 1053 1779 'palae

161 1930 194 1989 (l)
207 1931 283 1988 Quam
295 1930 438 1991 Plutarchus,
454 1932 573 1989 tamquam
587 1931 636 1988 tyra
651 1931 766 1988 insignem
781 1932 886 1976 maxtmis
897 1930 1053 1978 laudibusex·

124 1999 186 2046 curu
201 1999 239 2057 lde
251 2000 354 2055 idustcel.

162 2066 192 2123 (2)
208 2067 387 2127 huncquoque
404 2068 465 2124 (tib.
485 2068 541 2125 cit)
557 2067 636 2117 laudat
655 2066 799 2125 Plutarchus.
820 2068 888 2113 tiunt
902 2067 948 2117 tam
964 2068 1054 2123 tenues,

125 2134 242 2193 moestos,
263 2135 417 2192 remissusque
432 2135 514 2185 modos
525 2136 676 2195 excogitasse,
692 2134 718 2179 ut
732 2133 811 2179 ebrios
822 2136 846 2179 ei
855 2134 987 2191 <flagitiosos
1001 2135 1053 2180 itio·

125 2214 186 2253 rum
201 2204 314 2249 suavitate
329 2204 496 2263 compesceret.

160 2271 195 2328 (ὅ)
210 2271 252 2317 ilic
266 2272 380 2317 musicam
395 2273 511 2319 socratem
525 2270 615 2331 docuit,
629 2281 770 2328 quamquam
780 2281 861 2330 parum
875 2270 965 2330 peritia
979 2271 1054 2318 aPla·

125 2340 188 2387 toris
201 2337 296 2385 habitus
311 2340 354 2385 est.
1135 2370 1139 2377 .

162 2407 194 2463 (tl
209 2406 241 2452 no
253 2406 418 2467 Olympiodoro
426 2408 450 2454 et
457 2406 606 2466 Calliphrone
615 2417 691 2466 pauca
706 2406 803 2451 omnino
813 2405 893 2453 littaris
901 2406 984 2457 traditu
992 2407 1056 2453 sunt.

163 2475 196 2534 (bl
210 2473 269 2520 Huic
284 2485 370 2520 aureas
386 2475 440 2520 illae
456 2474 584 2522 sententiae
599 2474 743 2531 tribuuntur,
759 2475 782 2519 to
799 2473 886 2531 quibus
901 2474 1055 2533 Pythagoreo-

126 2554 187 2593 rum
202 2544 327 2603 praecepta
341 2544 500 2596 continentur.
514 2543 548 2588 lta
563 2541 694 2600 Pythagora
708 2545 786 2588 autem
799 2543 881 2588 eteius
901 2543 964 2588 aecta
978 2543 1055 2589 brevi·

127 2615 170 2660 ter
191 2613 216 2658 et
237 2612 359 2673 perspicue
380 2612 448 2668 toqut
470 2622 538 2669 posse
561 2612 676 2660 sumntum
692 2614 733 2656 est.
749 2610 775 2655 tn
790 2611 865 2657 insula
880 2611 948 2656 Samo
974 2613 1056 2660 uatum

128 2679 203 2726 aiunt
226 2677 378 2737 Pythagoram
393 2678 417 2725 et
430 2678 511 2724 secuto
529 2680 582 2737 post
596 2679 691 2724 Numam
707 2679 822 2736 duruisse
841 2679 911 2737 ipsios
926 2668 1056 2737 praestato

128 2746 236 2804 optimos
249 2744 312 2790 cives
336 2743 469 2791 iormandos
483 2747 621 2804 pertinuisse
636 2746 706 2801 atque
722 2745 845 2802 iramagna
860 2746 954 2790 Graecia
968 2743 1056 2789 tamdiu

128 2815 245 2872 viennae,
261 2813 344 2872 donee,
366 2814 467 2860 exeunte
489 2815 569 2859 secuto
585 2814 640 2858 ante
663 2813 716 2857 Chr.
731 2810 767 2870 Vl,
783 2813 918 2872 impotentis
933 2810 1057 2856 cniusdam

130 2883 180 2929 atri
191 2882 281 2928 atibus
296 2893 324 2927 ea
338 2882 363 2926 in
387 2882 460 2940 ipsius
474 2882 599 2927 sectatores
613 2880 715 2927 invidiae
726 2880 799 2925 moles
815 2880 916 2924 connata
929 2880 971 2938 est,
988 2879 1015 2923 ut
1028 2891 1058 2925 ex

130 2951 222 2999 bathis
244 2950 344 2997 urbibus
366 2948 454 2996 iue'rtnt
468 2949 542 3007 eiecti,
563 2951 587 2995 et
603 2951 653 2995 tota
665 2948 721 2995 hetti
737 2948 847 2994 incendio
865 2947 946 3010 Magna
961 2946 1058 2992 Graecia

132 3018 323 3076 conflagraverit
348 3016 436 3063 Exinde
453 3029 467 3062 a
482 3016 583 3076 publicis
602 3017 673 3063 rebus
694 3017 778 3062 remoti
792 3014 930 3072 Pythagorei
952 3013 1057 3072 philoso-

130 3088 217 3151 phtnrn
226 3098 271 3146 pro
286 3097 312 3134 se
326 3087 426 3143 quisque
441 3085 536 3143 privatis
547 3083 674 3143 parietibus
688 3084 793 3131 coluere.

167 3157 201 3213 (6)
224 3153 323 3201 Romani
342 3153 421 3210 eninr,
442 3152 528 3198 bellica
550 3154 711 3212 gens„omnis
726 3152 755 3198 ad
771 3162 835 3197 arma
861 3147 968 3196 alsindis
981 3148 1059 3194 uam

132 3222 271 3282 trahebant,
292 3220 458 3268 humaniorum
474 3221 558 3267 artium
576 3221 600 3266 at
623 3221 779 3278 exquisitioris
794 3221 871 3267 cultus
896 3217 967 3265 rudos
989 3219 1060 3275 atque

83 3332 86 3336 .
135 3291 218 3340 securi
232 3289 357 3351 praecipua
372 3287 433 3335 side
448 3299 475 3334 aa
493 3289 567 3334 aetate
581 3299 657 3334 sermo
671 3289 709 3347 sit,
724 3299 785 3346 quaa
800 3297 852 3334 ants
873 3287 947 3346 spitus
961 3287 1060 3331 mortem

135 3358 238 3408 affluxit
561 3370 566 3379 ‘

170 3428 203 3488 (7)
215 3425 303 3472 tirason
324 3434 370 3469 aux
395 3421 425 3474 ab
443 3423 493 3490 ieri,
511 3432 549 3491 tu,
564 3425 588 3475 sl
604 3426 663 3494 ἥβη,
681 3429 744 3471 aetus
763 3424 871 3470 iuuenilis
899 3421 949 3472 κατ’
962 3423 1060 3486 hispan

135 3498 181 3569 qut.
189 3491 337 3554 pubertatem
351 3502 465 3546 mesura·
