2716 4050
272 267 313 330 ii
708 285 778 331 oros

269 375 432 459 imperium
446 383 557 452 tutum,
578 375 635 438 nisi
651 375 858 440 benevolentia
877 378 1037 443 munitum.
1057 380 1100 443 Eo
1120 385 1202 444 tam'·

271 489 344 555 pore
360 472 465 536 aberat
481 471 640 554 Dionysius
658 473 718 555 (1),
743 483 772 536 ct
785 474 816 536 in
834 474 918 536 ltalia
939 475 986 557 (⁶2)
1005 477 1132 541 classem
1146 497 1202 560 op·

268 570 454 652 pariebatur,
478 569 713 632 adversariorum
733 579 815 632 ratus
833 572 981 634 neminem
1000 573 1065 636 sine
1085 575 1201 653 maguis

268 667 363 749 copiis
382 666 421 729 ad
439 675 643 730 maeatarum
662 668 722 750 (3).
739 666 822 739 Quae
836 687 884 732 res
902 687 970 731 oum
988 669 1104 733 fefollit.
1123 670 1199 734 Nam
1335 606 1345 746 i

266 763 343 826 Dion
361 763 399 826 iis
414 763 490 845 ipsis
499 763 559 845 (4),
579 763 632 846 qui
651 764 708 828 sub
723 765 884 828 adversarii
903 766 1020 829 fucrant
1037 776 1198 849 potestate,

268 859 367 938 regios
380 861 504 942 spiritus
523 862 691 942 repressit‚'
709 861 861 944 totiusque
883 863 948 925 eius
966 863 1058 945 pertis
1076 861 1200 927 Siciliae

268 958 380 1039 potitus
391 965 449 1036 cst,
470 976 548 1039 quaa
563 956 619 1020 sub
635 958 766 1040 Dionysii
782 967 927 1040 potestate
941 960 1049 1039 iuerat3
1071 961 1200 1042 parique

187 1054 357 1132 minoda
381 1054 465 1117 urbis
483 1053 716 1137 Syracusarum,
746 1065 863 1137 praeter
890 1073 990 1118 arcem
1013 1065 1047 1119 ct
1067 1055 1198 1127 insulam

269 1150 440 1214 adiunctam
454 1153 576 1234 oppido.
592 1153 695 1236 quue
713 1169 777 1215 rem
792 1153 941 1235 perduxit,
961 1161 994 1215 ut
1008 1152 1120 1216 tatibus
1140 1173 1198 1236 pe-

269 1247 419 1311 ctionibus
439 1267 540 1330 pacem
557 1258 701 1332 tyrannus
722 1250 821 1312 iacere
838 1250 941 1312 vellet:
965 1250 1100 1313 Siciliam
1116 1252 1199 1314 Dion

217 1342 227 1360 '
267 1347 425 1421 obtinerem
441 1348 562 1412 italiam
581 1333 629 1428 (5)
647 1347 824 1427 metoparum
844 1347 1008 1427 Sprococoa
1021 1346 1196 1427 Apollocra-

268 1452 321 1520 tes,
336 1445 386 1508 cot
401 1446 564 1508 meatorum
579 1446 668 1526 fictam
686 1445 744 1507 urai
758 1445 804 1524 (6)
817 1445 945 1508 ,Ιιαῠοὺαε
962 1443 1138 1523 Dionysius.

309 1537 358 1601 vl.
377 1539 511 1602 Hastam
530 1557 688 1621 prosperas
704 1549 824 1620 nmque
839 1539 1008 1621 inopinatas
1027 1555 1073 1602 res
1091 1557 1197 1604 coasc-

267 1645 336 1698 cuta
352 1644 397 1698 est
410 1635 510 1698 subita
529 1635 735 1714 commutatio,
753 1637 831 1718 quod
851 1637 981 1715 fortuna,
1000 1653 1056 1699 sua
1072 1636 1195 1700 mobili-

176 1811 183 1823 ·
248 1735 338 1808 tate,
359 1751 448 1814 quem
467 1735 555 1815 paulo
570 1743 639 1797 ante
657 1735 813 1814 extulerat,
830 1734 1003 1812 demergere
1016 1742 1062 1796 cst
1075 1734 1195 1797 adorta·
1251 1729 1256 1740 ’

267 1827 399 1892 Primum
428 1831 460 1892 iu
478 1831 558 1909 filio,
586 1831 700 1914 dequo
726 1831 956 1893 commemoravi
980 1849 1089 1913 supra,
1108 1849 1194 1894 suam

267 1926 326 1990 vim
344 1928 486 1991 exercuit.
506 1927 666 1992 Nemeum
693 1943 816 1990 uxorem
838 1927 1020 2006 reduxisset,
1049 1946 1126 2010 quae
1143 1929 1195 1991 aiii

267 2025 363 2088 iuerat
380 2021 501 2104 tradita,
520 2026 681 2108 filiumque
694 2027 781 2089 vallet
799 2041 939 2088 revocare
961 2023 998 2087 ad
1018 2024 1153 2088 virtatem
1177 2045 1195 2088 a

268 2113 382 2203 perdita
404 2125 545 2203 luxuria,
575 2123 691 2206 accepit
718 2122 924 2202 gravissimum
954 2140 1063 2204 pareus
1088 2124 1195 2184 vuinus

267 2229 363 2284 morte
379 2221 443 2312 iiiii.
465 2221 580 2286 Boiam
597 2229 662 2284 orta
677 2219 824 2282 dissensio
843 2226 888 2281 est
906 2218 984 2281 inter
1002 2235 1070 2282 cum
1085 2227 1115 2282 et
1131 2217 1194 2282 Hc-

267 2318 431 2397 raciidcm,
459 2320 510 2401 qui
529 2319 649 2402 quidem
668 2316 756 2380 Dioni
780 2316 978 2399 principatum
998 2335 1059 2378 aon
1083 2333 1194 2378 concc-

265 2413 352 2492 dens,
383 2416 543 2479 factionem
561 2413 754 2496 comparavit.
785 2411 888 2495 Neque
905 2412 932 2474 is
959 2411 1059 2476 minus
1077 2411 1196 2475 valebat

267 2512 346 2594 apud
361 2513 531 2593 optimates,
552 2527 678 2594 quorum
698 2527 844 2574 consensu
857 2517 993 2592 praeerat
1008 2507 1110 2587 classi,
1125 2527 1194 2572 cum

266 2609 341 2674 Dion
359 2608 521 2670 exercitum
537 2608 704 2690 pedestrem
716 2614 841 2670 teneret.
857 2605 922 2668 Noa
940 2604 1009 2668 tulit
1022 2606 1079 2668 lroc
1092 2605 1194 2667 auimo

295 2769 328 2831 (4)
351 2771 439 2818 cauloa
454 2769 606 2831 morabatur,
623 2769 647 2815 ln
663 2768 756 2816 Bmttiis
772 2763 923 2828 (Atreum),
942 2765 1036 2824 ragione
1051 2763 1195 2811 coutinentia

265 2841 352 2890 itariae.

295 2908 328 2966 (2)
342 2909 419 2956 itallae
435 2919 519 2954 nomon
536 2905 665 2964 antiquitus
679 2905 703 2950 in
716 2905 818 2950 extrema
833 2900 995 2949 tantummodo
1009 2901 1061 2947 ctus
1076 2900 1144 2958 parte
1154 2911 1194 2945 or·

239 2980 241 2985 “
266 2976 314 3023 tum
330 2979 372 3036 cot,
388 2988 449 3034 quae
460 2975 489 3021 acl
505 2973 625 3021 meridiem
638 2972 724 3029 vergit3
742 2970 781 3017 hic
796 2981 853 3016 varo
868 2969 986 3015 camelius
1001 2965 1091 3014 italiam
1106 2967 1195 3013 astei-

265 3043 298 3088 tta
318 3042 491 3101 quodammodo
513 3042 635 3100 occeratt,
651 3052 680 3087 eo
696 3037 765 3099 piane
786 3038 857 3097 pacto
871 3047 920 3094 quo
938 3045 990 3095 uos,
1005 3035 1196 3093 septentrionalia

266 3113 368 3168 remonis
383 3112 494 3170 incolae,
514 3110 603 3156 ltatiam
618 3107 734 3155 interdum
750 3107 827 3166 petere
848 3105 958 3163 dicimus,
972 3113 1047 3160 quum
1062 3103 1108 3150 tter
1121 3101 1197 3148 tu‘tu·

265 3179 365 3225 tortores
375 3181 482 3236 temones
494 3191 613 3237 ornamus,
628 3178 684 3223 ticet
698 3177 722 3225 et
734 3185 777 3221 nos
792 3174 896 3231 germani
910 3171 961 3217 Itali
975 3171 1054 3218 rimus.

297 3247 326 3305 (ὅ)
341 3247 429 3293 Bellum
441 3248 560 3294 illaturum
574 3245 627 3292 sibi.
642 3244 771 3304 Euphemia
786 3239 919 3288 ferocientis
932 3247 1030 3286 auarum
1042 3237 1125 3285 auium
1142 3236 1196 3296 cpi·

266 3315 345 3372 aione,
361 3313 462 3371 ideoque
474 3314 499 3359 ia
515 3325 540 3359 rc
556 3314 618 3360 aeria
633 3313 737 3358 iocaotta.
1051 3319 1054 3326 ⁴

261 3403 264 3412 ·
297 3384 329 3438 ct)
339 3382 389 3440 Ope
404 3393 485 3428 eorum
501 3383 610 3440 ipsorum.

298 3449 334 3563 ινδ)
343 3449 405 3562 ἐξ)
416 3450 528 3561 pplppltpa
541 3449 628 3508 quicto
649 3445 738 3493 iratum
749 3445 857 3493 dictioms
871 3443 975 3501 Dtcnpaii
989 3439 1076 3488 meent.
