2452 3938
453 288 567 336 mancos
582 289 703 336 poncius
720 287 794 335 cnro
1022 273 1082 334 roa

166 385 217 449 sed
239 385 328 462 iure,
346 383 514 466 respublica
536 382 796 446 administrabatur
811 384 870 466 (l).
883 380 957 455 ‘Qua
983 401 1019 446 ex
1049 403 1082 446 re

165 482 258 544 iratus
290 481 427 558 senatui,
447 481 600 543 consulatu
631 489 773 561 peracto,
797 481 927 562 privatus
955 479 985 541 in
1009 479 1081 544 urbe
1108 518 1123 533 ·-

166 577 285 640 mansit.
308 578 346 640 At
366 576 449 655 Cato,
470 595 575 640 censor
587 596 653 638 curn
673 577 775 641 eodem
793 577 898 640 Flacco
913 577 1019 653 sactus,
1035 595 1110 647 se..
1119 603 1159 649 124

165 693 234 737 rere
255 675 382 756 praefuit
404 674 432 738 ei
450 673 598 761 potestati.
627 673 699 735 Nam
722 681 752 736 et
778 674 810 737 in
835 674 1002 755 complures
1024 692 1080 735 nu·

165 769 241 834 biles
270 772 496 847 animadvertit,
529 779 558 833 et
580 772 686 833 multas
708 789 756 833 ros
783 790 873 834 novas
898 773 928 833 in
952 771 1080 834 edictum

165 869 287 945 addidit,
310 888 369 951 qua
384 887 416 930 re
428 868 474 950 (⁶2)
486 868 602 930 luxuria
615 868 836 949 reprimeretur,
856 886 933 950 quae
946 868 1004 934 iam
1017 875 1080 930 tum

163 965 325 1046 incipiebat
349 965 506 1046 pullulare.
530 963 652 1028 Circiter
673 983 766 1026 annos
798 965 966 1044 octoginta,
986 960 1081 1044 usque

165 1062 202 1124 ad
231 1070 390 1124 extremam
419 1070 566 1138 aetatem,
596 1060 633 1123 ab
656 1060 876 1138 adolescentia,
899 1060 1081 1142 reipublicae

117 1151 119 1157 ’
165 1177 272 1236 eausa,
292 1158 442 1240 suscipere
454 1157 624 1220 inimicitias
638 1176 697 1220 non
715 1158 837 1220 destitit.
856 1157 881 1219 A
899 1159 998 1220 multis
1016 1167 1081 1221 ten·

166 1263 242 1317 tatus
255 1255 314 1336 (3),
338 1274 398 1317 non
413 1255 500 1317 modo
519 1255 632 1317 nullum
651 1254 860 1316 detrimentum
885 1255 1078 1317 existimatio-

166 1354 211 1413 nis
228 1352 310 1428 leeit,
324 1352 393 1429 sed,
416 1353 511 1433 quoad
527 1351 610 1428 vixit,
632 1352 771 1413 virtutum
794 1351 882 1413 laude
903 1352 1005 1415 crevit.

205 1447 254 1510 lll.
274 1447 306 1510 ln
320 1449 458 1511 omnibus
475 1448 563 1511 rebus
582 1449 723 1527 singulari
741 1448 797 1509 luit
817 1448 973 1529 prudentia
990 1456 1019 1512 et
1033 1449 1080 1512 in·

165 1545 288 1607 dustria.
311 1544 384 1608 Nam
404 1553 433 1608 et
446 1544 574 1625 agricola
593 1547 697 1622 solers,
716 1554 745 1607 et
759 1545 941 1626 reipublicae
953 1545 1078 1627 peritus,

164 1650 194 1704 et
215 1642 461 1719 iurisconsultus,
485 1650 515 1704 et
532 1661 657 1721 magnus
688 1641 866 1722 imperator,
890 1651 919 1704 ot
941 1641 1079 1723 probabi-

167 1739 202 1801 lis
223 1740 269 1821 (i)
292 1747 404 1815 orator,
427 1746 457 1800 et
478 1739 686 1819 cupidissimus
719 1726 880 1803 litterarum
902 1738 969 1802 tuit.
998 1738 1078 1811 Qua-

164 1855 229 1897 rum
249 1835 378 1897 studium
402 1836 457 1896 etsi
479 1834 577 1895 senior
598 1833 780 1914 arripuerat,
799 1845 896 1897 tamen
918 1845 1032 1899 tanturn
1047 1837 1078 1900 iu

164 1932 207 1993 eis
225 1948 410 2011 progressum
427 1930 507 2007 lecit,
529 1938 560 1992 ut
575 1949 634 1992 non
656 1931 741 1992 facile
759 1933 889 2012 reperire
906 1933 1014 2012 possis,
1030 1952 1080 1996 ne·

164 2046 221 2108 que
236 2027 273 2089 de
288 2027 410 2105 graecis,
435 2026 532 2108 ineque
554 2027 590 2090 de
613 2026 721 2089 italicis
739 2026 840 2104 rebus,
856 2028 934 2109 quod
951 2028 979 2090 ei
989 2028 1079 2092 luerit

161 2124 357 2202 incognitum.
378 2122 422 2185 Ab
444 2123 641 2187 adolescentia
662 2123 789 2187 coniecit
806 2125 964 2189 orationes.
983 2122 1079 2191 Senex

162 2220 304 2282 historias
325 2220 453 2282 scribere
475 2220 614 2298 instituit,
637 2240 761 2302 quarum
777 2230 846 2284 sunt
863 2221 931 2284 libri
950 2231 1074 2304 septem.

159 2316 278 2379 Primus
301 2317 433 2379 continet
453 2335 501 2378 res
522 2327 617 2396 gestas
638 2337 739 2396 regum
762 2319 863 2400 populi
876 2320 1003 2381 romani.
1027 2317 1078 2383 Se·

161 2415 275 2478 cundus
290 2425 319 2476 et
329 2415 443 2491 tertius,
459 2415 538 2478 unde
547 2433 682 2507 quaeque
700 2415 802 2478 civitas
821 2425 886 2479 orta
903 2416 941 2478 sit
958 2417 1074 2480 italica:

161 2511 199 2574 ob
219 2531 307 2593 quam
323 2530 385 2573 rern
408 2530 512 2574 omnes
526 2512 574 2593 (5)
605 2512 743 2595 Oript'ner
764 2514 879 2575 videtur
899 2515 1089 2596 appellasse.

76 2666 87 2699 ,Ι
159 2607 193 2670 ln
216 2617 321 2690 quarto
343 2617 442 2673 autem
460 2609 570 2672 bellum
589 2612 729 2691 punicum
746 2612 886 2693 primurn.
910 2611 943 2674 In
958 2612 1073 2693 quinto,

70 2698 78 2707 ’
161 2706 336 2768 secundum.
356 2706 450 2788 Atque
469 2707 541 2770 baec
563 2708 662 2770 omnia
685 2709 864 2791 capitulatim
887 2718 957 2772 sunt
983 2710 1072 2773 dicta.

159 2801 284 2883 Reliqua
302 2802 379 2865 bella
393 2804 457 2884 pari
475 2805 561 2868 modo
579 2813 751 2885 persecutus
766 2816 811 2868 est
823 2806 965 2887 usquead
984 2824 1090 2887 prae··

159 2907 255 2961 turam
275 2897 369 2980 Sergii
388 2899 511 2978 Galbae,
531 2902 582 2983 qui
600 2902 722 2983 diripuit
734 2900 889 2966 Lusitanos
902 2903 960 2985 (b).
978 2902 1073 2986 Atque

187 3089 220 3147 ii)
234 3090 341 3147 sequiori
356 3092 467 3151 tempore,
482 3095 572 3150 quoties
587 3093 667 3151 Syllae,
680 3093 802 3152 Pompelo,
822 3094 911 3141 caesari
925 3093 1074 3155 collibuisset,

157 3165 199 3217 per
213 3160 316 3204 arma-et
329 3161 455 3218 potentiam
468 3162 546 3206 omnia
561 3162 667 3220 poteraut
680 3163 811 3221 impetrare.

186 3222 217 3278 (2)
233 3224 318 3284 Nempe
333 3227 417 3272 multas
432 3239 468 3274 res
483 3240 554 3273 novas
569 3228 684 3275 addendo.

187 3289 218 3349 (5)
233 3293 442 3354 criminationibus,
458 3294 497 3341 die
512 3295 572 3342 diota
587 3296 616 3341 ad
631 3296 752 3343 iudicium.
833 3288 837 3295 ’

188 3358 219 3414 tt)
231 3358 323 3419 Dignus,
339 3361 381 3416 qui
397 3360 542 3420 probaretur.

188 3425 218 3480 lb)
234 3427 317 3474 Omnes
331 3427 409 3475 libror.

187 3492 217 3550 td)
230 3494 315 3542 consul
329 3494 372 3542 iuti
387 3507 440 3542 cum
454 3496 478 3542 l..
494 3496 585 3544 burello
598 3497 664 3545 corta
675 3510 738 3547 auno
749 3500 774 3549 ll.
783 3500 808 3547 c.
819 3499 902 3555 neuile
910 3499 996 3548 deinde
1007 3506 1080 3562 pree⁴⁴
