2452 3938
187 289 227 351 ll
345 286 348 291 ’
569 304 726 350 unrmnus

184 397 295 461 tiadem
314 396 360 478 (l)
379 394 437 459 sibi
460 395 668 477 imperatorem
688 404 852 475 sumerent3
869 395 897 457 id
914 394 938 457 si
956 393 1107 473 fecissent,

185 492 305 574 incepta
321 510 462 574 prospera
478 493 588 554 lutura.
607 491 669 555 Hoc
695 495 807 556 oraculi
825 511 978 573 responso,
998 491 1107 554 Miltia·

186 589 238 653 des
263 607 331 651 cum
349 588 461 651 delecta
480 606 570 651 manu
588 589 682 651 classe
703 588 920 652 Chersonesum
944 591 1107 669 proiectus,

184 704 252 749 cum
270 686 444 748 accessisset
466 683 611 747 Lemnum
640 685 704 767 (d),
728 695 758 748 et
775 686 887 748 incolas
904 685 969 749 eius
991 686 1108 749 insulae

182 780 240 844 sub
264 789 439 864 potestatem
460 781 592 860 redigere
616 783 703 845 vellet
726 783 978 859 Atheniensium,
1002 783 1104 865 idque,

180 876 297 942 Lemnii
315 898 369 942 sua
385 887 491 960 sponte
509 879 651 956 lacerent,
671 881 860 960 postulassem
881 881 924 942 illi
947 880 1106 943 irridentes

180 975 410 1056 responderunt,
431 986 493 1038 tum
510 975 540 1038 id
558 993 590 1038 se
608 976 750 1060 facturos,
769 994 837 1039 cum
855 977 921 1053 ille,
938 977 1025 1039 domo
1049 996 1106 1039 na-

180 1069 265 1133 ribus
285 1070 492 1153 proficiscens,
521 1079 608 1153 vento
634 1071 781 1153 Aquilone
798 1072 925 1135 venisset
942 1071 1102 1135 Lemnum:

181 1165 230 1229 bic
244 1166 324 1228 enim
344 1175 449 1230 ventus
468 1185 485 1230 a
500 1167 753 1248 septentrionibus
771 1169 880 1243 oriens,
894 1169 1050 1232 adversum
1062 1179 1106 1230 te·

180 1271 232 1325 net
248 1262 374 1326 Athenis
400 1264 666 1346 proficiscentibus.
686 1264 844 1344 Miltiades,
871 1266 1007 1328 morandi
1026 1275 1104 1329 tem-

180 1378 235 1441 pus
254 1366 313 1421 bon
332 1359 456 1437 habens,
480 1378 600 1423 cursum
621 1360 727 1423 direxit
745 1381 804 1444 quo
823 1361 976 1440 tendebat,
997 1381 1103 1444 perve-

135 1448 138 1453 ’
179 1456 282 1537 nitque
303 1454 531 1519 Chersonesum.

217 1551 255 1614 11.
270 1551 326 1628 lbi,
355 1551 436 1614 brevi
453 1560 599 1633 tempore,
619 1552 813 1616 barbarorum
833 1556 880 1638 (3)
900 1556 993 1639 copiis
1014 1558 1104 1622 disie-

176 1648 244 1727 ctis,
257 1656 317 1711 tota
328 1649 459 1728 regione,
479 1667 568 1731 quam
588 1651 723 1732 petierat,
743 1653 865 1734 potitus,
887 1654 952 1717 loca
974 1656 1103 1718 castellis

175 1744 284 1807 idonea
301 1745 506 1824 communivit,
526 1747 766 1826 multitudinem,
782 1768 871 1830 quam
887 1768 988 1813 seeum
1007 1751 1102 1814 duxe-

176 1849 234 1916 rat,
252 1842 284 1903 in
302 1843 379 1921 agris
397 1843 563 1921 collocarit,
582 1845 756 1927 crebrisque
771 1846 995 1910 excursionibus
1015 1850 1101 1911 locu-

176 1938 306 2020 pletavit.
323 1939 425 2020 Neque
439 1940 538 2003 minus
549 1941 580 2003 in
598 1961 634 2004 ea
651 1960 683 2005 re
701 1942 870 2024 prudentia,
888 1962 978 2025 quam
1002 1944 1100 2007 felici·

177 2044 249 2112 tate,
263 2035 381 2099 adiutus
393 2045 449 2099 est:
467 2056 549 2115 cam,
564 2057 656 2119 quum
670 2039 778 2102 virtute
800 2039 928 2103 militum
944 2041 1100 2104 devicisset

180 2131 310 2194 hostiurn
329 2134 487 2212 exercitus,
507 2154 624 2198 summa
641 2137 791 2218 aequitate
808 2156 856 2200 res
873 2137 1037 2213 constituit,
1055 2148 1099 2199 at·

176 2247 236 2312 que
253 2229 318 2310 ipse
336 2229 447 2294 ibidem
466 2250 588 2295 manere
609 2233 749 2297 decrevit.
769 2235 839 2297 Erat
857 2234 936 2296 enim
955 2233 1099 2295 intereos

176 2327 317 2406 dignitate
330 2328 424 2408 regia,
443 2329 577 2411 quamvis
596 2330 716 2394 carebat
733 2330 866 2393 nomine.
880 2328 982 2410 Neque
993 2329 1023 2390 id
1036 2349 1099 2391 ma·

173 2423 220 2504 gis
245 2423 371 2506 imperio
393 2443 482 2507 quam
508 2426 622 2489 iustitia
650 2435 826 2489 consecutus
851 2425 910 2507 (4).
938 2423 1040 2506 Neque
1062 2444 1097 2488 eo

175 2520 273 2584 secius
290 2520 533 2600 Atheniensibus,
552 2541 570 2585 a
593 2521 702 2604 quibus
720 2532 784 2585 erat
801 2523 971 2604 proiectus,
1000 2522 1098 2584 officia

175 2617 354 2700 praestabat.
374 2616 489 2691 Quibus
510 2619 600 2683 rebus
616 2619 718 2698 tiebat,
746 2627 778 2682 ut
797 2637 858 2682 non
877 2618 977 2682 minus
993 2636 1097 2682 eorum

205 2783 240 2840 (l)
255 2781 311 2828 ilem
325 2792 416 2827 omnem
432 2779 514 2839 perillo
528 2779 594 2826 aliter
604 2782 682 2825 nutat
696 2780 832 2839 Herodotus,
848 2782 890 2838 qul
904 2781 1030 2827 ntttttouem
1045 2781 1097 2838 qul·

114 2882 117 2887 -
177 2849 240 2911 dem,
255 2861 336 2896 verum
351 2849 442 2909 Cypseli
457 2848 538 2908 nltum,
553 2848 717 2908 monetmonls,
733 2849 846 2894 memorat
859 2848 912 2895 nuc
926 2847 968 2895 ltb.
979 2859 1009 2894 u.

207 2918 239 2976 (2)
256 2917 335 2964 Insula
349 2916 384 2962 est
398 2917 470 2962 marls
480 2916 571 2976 Aegaei,
586 2918 669 2961 contra
679 2915 855 2975 Chersonesum,
867 2926 938 2974 quem
954 2915 1098 2960 recentlores

177 2986 303 3032 Staltmme
317 2984 443 3045 oppellant

207 3053 239 3109 (ὅ)
254 3053 407 3099 barbaronrm
423 3051 526 3111 nomine,
541 3051 640 3109 primum
655 3064 670 3098 c
685 3051 777 3098 Graecis
790 3048 939 3110 postmodum
958 3058 1038 3093 veroa
1053 3047 1097 3092 llo·

177 3121 252 3166 ments
266 3122 377 3166 externae
400 3121 506 3166 nodones
520 3119 708 3178 appellebautum
729 3129 802 3176 quum
817 3119 896 3163 autom
909 3115 955 3161 lnce
975 3115 1097 3174 ustiones,

176 3186 285 3234 rudiores
307 3189 345 3234 vel
369 3186 511 3234 haberentur
525 3188 563 3233 vel
581 3189 665 3247 esseut,
687 3185 773 3232 lactum
789 3184 962 3243 otbertum,
977 3194 1098 3241 quaeror

177 3260 297 3301 «utentum
312 3257 408 3315 proprle
422 3256 544 3316 significat,
555 3256 623 3316 lapsu
638 3255 750 3316 temporis
765 3253 795 3298 od
805 3251 865 3298 leros
875 3254 1016 3312 plerumque
1031 3252 1054 3297 el
1065 3253 1099 3295 tn-

177 3323 275 3369 domltas
289 3323 369 3380 gentes
378 3324 513 3382 perllneret.

208 3391 241 3447 tl)
253 3389 385 3437 Herodotus
394 3393 472 3439 tomen
482 3391 489 3450 (
499 3391 546 3437 loc.
556 3391 607 3451 cit.)
620 3425 627 3451 ,
645 3403 659 3437 ι
669 3402 718 3449 quo
729 3390 851 3437 cornelius
861 3388 979 3436 interdum
994 3386 1098 3443 dlscedtt,

178 3456 358 3504 monilestoclam
373 3457 434 3504 bone
446 3457 517 3505 luisse
525 3458 636 3505 ldiltlodts
650 3458 795 3518 tyrannidem
807 3457 901 3518 narrat3
915 3456 948 3503 sle
963 3454 1100 3503 Plutarchus

178 3527 204 3572 ln
218 3526 332 3587 opusculo
344 3527 380 3572 De
389 3539 442 3572 sero
453 3530 556 3574 cumton
567 3528 679 3577 otodhtc.
