2452 3938
201 285 241 348 30
549 274 767 345 rnnnrs'rocuns

199 395 278 476 apud
293 413 381 478 quam
394 393 453 455 iam
466 393 511 456 his
525 393 628 473 classis
639 392 720 471 regia
732 392 850 454 fecisset
863 391 1049 470 naufragium
1063 391 1123 473 (l).

198 491 449 554 Lacedaemonios
468 499 566 552 autem
586 489 662 551 male
689 497 718 551 et
743 489 853 551 iniuste
879 490 996 565 iacere,
1016 489 1068 570 qui
1094 489 1125 550 id

200 587 298 668 potius
321 587 519 663 intuerentur,
540 585 621 666 quod
639 583 781 667 ipsorum
802 585 1011 662 dominationi,
1035 604 1125 665 quarn

200 685 279 765 qnod
294 684 448 746 universae
467 681 605 746 Graeciae
624 683 698 744 utile
716 691 806 745 esset.
826 680 934 758 Quare,
954 682 979 744 si
998 701 1068 743 suos
1084 683 1126 744 le·

199 790 282 859 gatos
308 781 441 862 recipere
464 780 584 857 uellent,
604 798 680 860 qnos
696 778 827 841 Athenas
846 780 1000 855 miserant,
1022 797 1056 841 se
1074 796 1124 841 re·

200 876 369 951 mitterent,
392 876 478 938 aliter
498 876 565 938 illos
584 893 746 957 numquam
769 877 800 936 in
817 875 941 956 patriam
961 875 1122 956 recepturi.

241 971 316 1035 VIII.
345 971 456 1035 Tamen
476 991 536 1034 non
563 972 665 1051 elingit
692 971 939 1034 ciuinmsnornm
968 971 1121 1032 invidiam:

201 1087 329 1152 namque
344 1069 381 1132 ob
400 1069 539 1132 eumdem
560 1069 708 1145 timorem,
730 1087 788 1150 quo
805 1068 960 1130 damnatus
975 1078 1038 1130 erat
1056 1067 1124 1129 llil·

74 1222 76 1225 .
173 1184 181 1194 ”
201 1165 306 1243 tiades,
328 1167 502 1229 testularum
525 1165 671 1244 suffragiis
686 1165 733 1248 (I)
752 1183 769 1228 e
788 1165 905 1227 ciuitate
923 1165 1046 1241 eiectus,
1067 1167 1123 1225 Ar-

120 1311 143 1346 ,
153 1301 188 1344 47,
200 1281 251 1340 gos
272 1263 435 1327 habitatum
450 1264 605 1326 concessit.
624 1262 763 1324 Hierum
783 1269 906 1343 propter
932 1263 1040 1324 multas
1058 1262 1122 1324 eius

201 1361 322 1422 virtutes
338 1379 443 1439 magna
461 1380 528 1422 cum
543 1360 685 1438 dignitate
702 1363 823 1436 uiueret,
843 1359 1070 1421 Lacedaemonii
1084 1361 1124 1422 le·

199 1465 282 1534 gatos
298 1456 430 1519 Athenas
443 1458 599 1532 nuseium,
613 1459 664 1538 qni
683 1475 751 1518 eum
764 1456 916 1518 absentem
933 1467 1121 1535 accusarent,

200 1552 279 1632 qnod
297 1553 467 1614 societatem
487 1571 554 1614 cum
569 1572 636 1631 rege
654 1552 824 1629 Persarum,
844 1551 881 1613 ad
892 1550 1044 1614 Graeciam
1064 1572 1121 1634 op-

200 1648 397 1730 primendam,
418 1650 546 1712 lecisset.
574 1649 636 1712 Hoc
664 1650 787 1712 erImine
815 1647 923 1711 absens
947 1648 1124 1729 proditionis

200 1754 244 1808 est
262 1746 429 1809 damnatus.
453 1746 487 1809 ld
511 1757 543 1808 nl
561 1747 683 1823 audivit,
709 1747 788 1828 qnod
815 1765 874 1808 non
890 1745 961 1808 satis
977 1753 1073 1821 tntum
1092 1767 1124 1809 se

200 1843 285 1921 Argis
301 1843 429 1922 videbat,
441 1843 594 1933 §ancyram
607 1843 790 1922 demigravit.
805 1842 862 1921 Ibi,
876 1861 941 1905 cum
958 1843 1022 1904 eius
1036 1844 1121 1924 priu-

200 1942 281 2022 cipes
307 1941 433 2003 ciuitatis
452 1940 708 2004 animadvertisset
732 1941 858 2017 timere,
887 1959 924 2002 ne
946 1947 1066 2021 propter
1091 1958 1124 2002 se

200 2038 310 2100 bellurn
331 2037 376 2099 his
387 2037 617 2100 Lacedaemonii
632 2047 661 2101 at
679 2037 877 2100 Athenienses
894 2037 1073 2113 indicerent,
1088 2036 1125 2098 ad

200 2135 370 2212 Admetum,
389 2133 581 2198 Molossorum
604 2136 652 2218 (3)
668 2154 780 2214 regem,
801 2153 868 2198 cum
890 2154 948 2216 quo
974 2135 1001 2196 ei
1021 2133 1125 2216 hospi-

201 2233 274 2294 tium
294 2232 388 2294 Iuerat
399 2234 459 2315 (i),
479 2233 621 2312 confugit.
638 2232 703 2295 linc
716 2252 782 2295 cum
801 2232 943 2308 uenisset,
956 2231 1027 2293 etin
1041 2247 1127 2311 prae·

200 2331 297 2392 sentia
314 2349 365 2392 rex
383 2330 517 2404 abesset,
537 2348 596 2416 qno
616 2330 727 2392 maiore
755 2328 899 2407 religione
915 2346 948 2390 se
971 2335 1123 2408 receptum

201 2426 456 2501 tueretur„irliam
479 2427 543 2488 eius
569 2427 720 2506 parvulam
739 2425 876 2506 arripuit,
895 2434 925 2486 et
947 2443 1014 2486 cnm
1033 2443 1068 2486 ea
1094 2443 1125 2485 se

231 2582 264 2640 (l)
286 2583 359 2628 iiinns
378 2583 472 2641 proprie
494 2580 601 2639 loquiiur
622 2585 659 2630 hic
680 2585 814 2639 cornelius,
840 2593 894 2627 nam
916 2580 988 2627 semel
1009 2581 1124 2627 terrestris

200 2651 316 2696 exercilus
341 2648 371 2694 ad
392 2649 551 2695 Marathonem
574 2649 651 2698 inerat
670 2653 812 2711 superatus,
831 2650 904 2694 semel
922 2650 1001 2694 classis
1016 2649 1047 2694 ad
1062 2648 1125 2695 Sala·

201 2729 272 2764 mma.

231 2786 263 2842 (2)
290 2786 399 2833 Graecam
420 2797 500 2831 rocem
526 2785 674 2854 ὄστρακημὸν
697 2788 774 2832 latinis
795 2785 871 2832 varbIs
900 2784 967 2831 eitert
993 2786 1127 2842 Cornelium

201 2850 1127 2981 zzztttttl‘tl'tl.tntillialili:lllhliittiilll:

202 2991 280 3034 tamen
296 2988 342 3034 hoc
359 2991 477 3047 tamqnam
494 3001 570 3048 poena
590 2991 730 3050 probrumre
747 2990 908 3050 irrogabatur,
923 2988 965 3035 sed
980 2989 1076 3034 nimtam
1091 2991 1127 3033 iu·

201 3056 293 3102 tendum
309 3057 408 3104 homiuis
422 3055 539 3103 torinnam
549 3058 688 3119 castigabat,
703 3061 774 3106 utne
796 3061 883 3119 palatae
898 3057 999 3103 libertati
1014 3055 1128 3102 formido·

203 3122 268 3169 iosus
281 3126 305 3168 ln
316 3127 436 3184 republica
447 3126 552 3172 mutabili
563 3129 631 3173 osset.

232 3191 264 3247 (5)
275 3194 336 3237 Gens
350 3192 421 3252 Epiri,
437 3193 607 3240 recenlioribus
618 3195 653 3252 pli
666 3194 783 3240 Alionasi.

233 3258 264 3314 iti
280 3259 351 3304 uultu
362 3260 407 3305 hoc
419 3262 539 3308 cornelius
554 3262 689 3308 auctoribus
702 3265 793 3320 narrat3
809 3261 874 3320 qnod
886 3272 941 3307 vero
950 3260 1030 3306 ceteri.
1038 3259 1127 3309 'Admit-

201 3326 251 3370 inm
267 3325 419 3372 Themistocli
434 3326 548 3386 infestum,
567 3327 689 3389 affirmant,
705 3329 729 3374 id
745 3330 782 3375 vel
798 3331 887 3387 reliqua
901 3328 1001 3374 Cornelii
1017 3329 1129 3374 narratio·

203 3406 234 3439 ne
249 3392 372 3452 probatur:
388 3405 434 3438 non
451 3397 521 3454 enim,
536 3397 580 3442 nisi
602 3397 679 3454 regiae
700 3396 791 3455 puellae
813 3398 910 3454 pignore
929 3398 1040 3456 arrepto,
1057 3398 1081 3442 et
1095 3407 1122 3440 sa

202 3464 272 3508 erarii
286 3463 392 3507 invocata
407 3462 535 3525 religione,
553 3467 628 3511 tutum
650 3465 775 3525 hospitium
794 3466 839 3510 sibi
854 3465 1018 3510 Themistocles
1033 3466 1119 3524 praesti

203 3532 258 3576 tissa
273 3529 370 3578 ridetur.
