2452 3938
142 238 182 307 'ld
569 255 642 301 oron

139 363 227 418 terea·
238 350 356 414 divitias
384 368 401 412 a
426 356 510 430 patre
536 350 679 425 relictas,
698 366 773 431 quas
797 347 862 431 ipse
877 347 1003 431 tyranni
1020 350 1065 432 (l)

140 447 318 511 muneribus
337 453 470 509 auxerat.
490 444 563 508 Erat
579 445 704 508 intimus
726 445 866 526 Dionysio
883 445 986 526 priori,
1012 467 1066 511 ne*

138 565 198 628 que
217 543 325 606 'minus
355 551 476 624 propter
505 561 602 606 mores
621 561 711 624 quam
728 542 913 605 affinitatem.
932 541 1066 627 Namque

137 639 343 720 etsi'llionpsii
357 639 519 702 erudelitas
536 638 593 720 ipsi
613 638 808 721 displicebat,
832 647 933 702 tamen
949 642 1067 706 salvum

136 738 233 800 illum
249 745 371 819 propter
400 736 680 813 necessitudinem,·
700 736 794 815 magis
822 735 912 799 etiam
929 746 1066 802 -suorunt
1090 806 1099 824 ·

136 854 238 912 causa,
258 841 326 898 'esse
346 834 494 896 studebat.
513 832 625 896 Aderat
639 833 671 894 in
683 833 798 910 maguis
813 833 921 912 rebus3
939 835 1067 919 eiusque

135 932 263 996 oonsilio
281 931 408 995 multum
434 931 609 993 monebatur
625 938 786 1010 tyrannus,
814 930 873 992 nisi
894 950 956 1013 qua
977 933 1066 996 iu-re

135 1030 231 1093 maior
254 1029 353 1110 ipsius
373 1028 521 1110 cupiditas
547 1027 767 1090 intercesserat.
792 1024 971 1108 Legationes
994 1032 1066 1092 sero

134 1145 250 1205 omnes,
270 1144 346 1207 quae
364 1133 463 1187 essent
480 1124 678 1202 illustriores,
699 1139 753 1204 per
778 1109 915 1186 Dionem
931 1126 1065 1189 admini⁶

132 1225 315 1301 strabantur3
335 1241 409 1303 quas
426 1220 548 1305 quidem
566 1221 618 1284 ille
637 1219 798 1298 diligenter
814 1220 966 1300 obeundo,
987 1223 1063 1288 lide-

98 1346 100 1351 ·
130 1321 199 1385 liter
217 1318 466 1396 administrando,
486 1312 727 1380 crudelissimum
747 1335 856 1379 nomeu
875 1321 991 1399 tyranni
1006 1340 1061 1383 sua

131 1419 318 1482 humanitate
334 1415 463 1494 tegebat.
484 1412 569 1476 Hune
592 1413 766 1493 allionpsio
791 1414 914 1476 missum
934 1415 1062 1480 Cartba-

129 1514 279 1594 ginienses
297 1522 493 1594 suspexerunt
512 1511 572 1593 (2),
591 1519 625 1575 ut
637 1513 787 1574 neminem
806 1531 940 1593 unquam
952 1532 1061 1592 graeca

132 1611 234 1690 lingua
250 1611 424 1692 loquentem
443 1609 537 1688 magis
555 1609 616 1671 sint
629 1608 779 1671 admirati.

170 1707 208 1771 ll.
219 1707 321 1790 Neque
329 1726 397 1770 vero
407 1708 480 1770 base
490 1706 663 1787 Dionysium
676 1706 841 1786 fugiebant.
851 1705 936 1784 Nam,
945 1718 1059 1791 quanto

130 1815 207 1870 esset
225 1806 283 1868 sibi
301 1815 489 1883 ornamento,
508 1804 669 1882 sentiebat;
683 1822 742 1885 quo
755 1802 856 1876 fiebat,
873 1813 907 1865 ut
923 1806 977 1867 uni
988 1805 1059 1871 buia

130 1905 256 1967 maxime
273 1903 459 1982 indulgeret,
479 1922 577 1985 neque
600 1919 668 1964 eum
692 1919 778 1963 serus
804 1901 942 1980 diligeret
966 1921 1002 1967 ae
1020 1907 1059 1968 li-

127 2003 212 2066 lium.
232 1999 290 2074 Qui
306 2000 451 2083 quium,
472 2019 539 2063 eum
568 1999 722 2062 Platonem
749 1997 911 2060 Tarentum
934 2000 983 2081 (3)
1002 2012 1057 2065 ve-

128 2101 208 2165 nisse
223 2099 274 2181 ll)
304 2098 383 2162 fama
401 2098 432 2161 io
460 2095 601 2161 Siciliam·
614 2106 694 2160 esset
714 2097 831 2177 ‘perlata
842 2142 850 2173 ,
872 2096 1056 2162 adolescenti

127 2216 236 2276 negare
253 2215 314 2259 non
328 2195 425 2278 potuit
442 2194 517 2278 'quin
531 2212 599 2258 eum
620 2201 796 2269 arcesseret,
817 2211 884 2255 cum
896 2191 974 2256 Dion
989 2196 1067 2259 eius¹

125 2294 267 2358 audiendi
286 2293 448 2373 eupiditate
465 2294 615 2373 flagraret.
635 2290 724 2355 Dedit
746 2291 905 2370 ergolmie
922 2292 1054 2372 veniam,

126 2408 293 2472 magnaque
309 2408 378 2454 eum
391 2388 556 2453 ambitione
569 2389 616 2471 (5)
628 2386 787 2471 Syracusas
797 2387 944 2470 perduxit.
957 2386 1066 2461 Quem

157 2609 186 2671 (l)
199 2610 296 2670 Proprie
311 2608 357 2656 boo
370 2609 467 2668 uomlue
483 2609 566 2655 Graeci
576 2609 647 2655 -tllum
661 2607 839 2669 algollioabant,
859 2609 902 2666 qul
915 2607 1005 2669 absque
1018 2613 1055 2658 el·

126 2676 191 2727 vlum
205 2677 334 2738 voluntate,
348 2678 387 2725 rel
406 2688 454 2723 non
470 2676 536 2735 tegla
549 2677 620 2737 stirpe
635 2677 704 2723 uatus
716 2692 728 2736 ,·
742 2677 773 2723 ad
787 2687 887 2732 regnum
900 2678 1053 2736 perverteret.

126 2748 204 2805 Quum
219 2747 298 2792 autam
316 2746 420 2793 sobmon
434 2742 483 2792 lare
496 2745 526 2791 alt
538 2756 639 2802 reguum
653 2744 763 2791 uolentia
777 2744 868 2803 partum
882 2743 951 2791 malls
960 2746 1054 2795 usibus

126 2815 201 2876 tueri,
224 2812 312 2861 laetum
332 2814 358 2861 ut
371 2813 466 2872 tyranni
481 2825 568 2862 nomeu
582 2813 613 2861 de
626 2825 698 2861 saevo
712 2813 842 2873 inperante
852 2813 964 2873 coeptam
976 2815 1009 2862 alt
1021 2827 1051 2865 u·

126 2896 153 2930 su
209 2884 225 2930 l.
1062 2886 1065 2891 ·

155 2895 316 3007 {ffidmmg
334 2950 404 2997 auat:
415 2951 542 3009 ‘impleam
554 2949 649 3010 proprie
658 2951 785 3008 rraurpalur
799 2948 829 2995 da
843 2948 881 3006 tle,
894 2959 956 3007 quae
970 2949 996 2996 tn
1010 2962 1052 2999 au.

125 3019 192 3066 bllml
206 3021 351 3079 spectantum
377 3019 488 3065 traodate
502 3029 559 3064 vero
577 3017 608 3064 de
626 3019 654 3064 lle
672 3015 793 3078 omnibus,
818 3028 877 3076 quae
899 3028 1051 3067 communem

125 3090 221 3135 modum
236 3089 361 3136 excedunt.

154 3156 184 3211 (ὅ)
203 3157 267 3214 Quae
283 3156 339 3201 urbs
353 3167 367 3200 a
381 3155 549 3214 Spartanorum
564 3154 657 3200 colonla
671 3152 767 3200 eondlta
780 3150 870 3212 luerat,
883 3153 954 3210 atque
969 3163 984 3198 a
1003 3152 1050 3198 To·

125 3225 192 3269 tronto
201 3224 252 3270 eius
263 3223 324 3270 duee
340 3222 465 3283 appellata.

156 3291 185 3351 (t)
209 3290 404 3348 Pythagoreorum
425 3287 488 3335 lama
509 3288 635 3335 adductum
659 3291 683 3335 et
704 3287 783 3336 studio
803 3288 893 3334 Tlmaat
911 3286 1050 3348 philosophi

123 3359 209 3416 seripta
221 3357 342 3403 uoseendl.
616 3406 618 3411 ¹
828 3400 831 3405 ,

153 3427 184 3480 (5)
200 3425 286 3482 ldagoo
302 3422 394 3471 bonore
408 3424 433 3470 et
446 3425 566 3484 apparatu.
586 3423 684 3469 Amttra
696 3421 762 3471 anim
775 3421 811 3468 est
832 3420 904 3489 ἀμφι,
919 3421 979 3469 idest
998 3426 1049 3468 err·

121 3505 175 3538 ousia
195 3495 245 3552 tre,
260 3501 287 3538 ee
306 3491 336 3540 de
351 3504 437 3552 pompa
450 3493 588 3552 praesertim
602 3489 747 3551 usurpatur,
759 3499 822 3548 uuae
833 3490 897 3536 lente
911 3491 1049 3550 perurbana
