2452 3938
126 220 167 284 dd
505 236 661 282 drumanes

126 329 260 393 scebant.
280 326 436 404 Miltiades,
456 330 582 390 multum
599 329 630 390 in
655 328 790 410 imperiis
809 327 1048 408 magistratibus

126 445 185 508 que
199 433 342 502 versatus,
366 443 425 486 non
444 423 598 486 ridebatur
617 443 703 506 posse
717 444 783 488 esse
801 426 943 506 privatus,
964 445 1048 508 prae·

126 521 227 584 sertim
247 539 315 583 num
329 520 545 583 consuetudine
563 522 599 582 ad
622 522 740 603 imperii
759 521 951 603 cupiditatem
971 524 1055 589 traici,

126 618 284 680 rideretur.
312 615 408 694 Nam,
421 617 598 680 Chersonesi
615 636 718 680 omnes
735 618 814 695 illos,
833 637 907 699 quos
927 618 1049 682 habite-

125 723 183 791 rat,
210 732 316 792 annos,
336 725 509 795 perpetuam
528 714 698 777 obtinuerat
720 715 973 794 dominationem,
1001 724 1049 798 tp-

125 829 296 891 rannusque
313 811 410 873 luerat
424 811 602 893 appellatae,
621 812 675 873 sed
688 812 795 874 iustus.
811 811 876 873 Non
890 814 1047 876 eratenim

125 907 152 969 ri
170 917 366 993 consecutus,
381 908 433 971 sed
452 927 575 971 suorum
596 910 756 986 voluntate,
774 927 899 990 eamque
913 919 1047 991 potesta·

126 1015 183 1066 tem
209 1005 341 1067 bonitate
358 1006 531 1068 retinuerat.
552 1003 661 1069 Omnes
687 1014 786 1068 autem
809 1015 838 1069 et
856 1006 1004 1071 habentur
1018 1019 1048 1072 et

125 1101 265 1164 dicuntur
281 1097 409 1183 tyranni,
428 1104 479 1184 qui
495 1112 640 1184 potestate
657 1113 726 1165 sunt
744 1112 887 1185 perpetua
901 1105 932 1165 iu
946 1115 987 1166 ¹ea
1001 1106 1046 1167 ei·

92 1280 94 1286 Ι
125 1199 224 1278 vitale,
246 1218 322 1282 quae
340 1199 475 1263 libertate
497 1221 552 1272 usa
569 1211 615 1263 est
632 1202 690 1282 (l).
711 1198 769 1263 Sed
786 1201 817 1262 iu
835 1197 966 1264 Miltiade
984 1213 1047 1264 erat

124 1316 190 1360 oum
217 1317 334 1360 summa
351 1301 538 1376 humanitas,
559 1309 621 1364 tum
641 1300 715 1361 mira
732 1299 878 1375 comitas,
906 1310 939 1361 ui
957 1318 1045 1363 nemo

125 1406 184 1458 iam
213 1394 336 1458 humilis
364 1408 459 1472 esset,
486 1397 533 1457 cui
553 1414 613 1456 non
631 1395 668 1456 ad
695 1413 765 1456 eum
781 1396 878 1458 aditus
906 1405 1043 1477 pateret:

125 1510 230 1570 magna
249 1493 409 1555 auctoritas
427 1492 503 1574 apud
520 1510 623 1554 omnes
642 1492 786 1569 civitates,
806 1493 906 1555 nobile
922 1487 1043 1571 nomen,

124 1590 189 1650 laus
213 1590 257 1652 rei
276 1589 412 1652 militaris
441 1592 579 1652 maxima.
608 1588 687 1652 Haec
716 1592 844 1671 populus
862 1591 1042 1672 respiciens,

125 1686 227 1747 maluit
246 1705 314 1749 eum
336 1688 491 1761 ‚innoxium
511 1687 613 1770 plecti,
632 1707 721 1770 quam
740 1709 772 1752 se
791 1687 902 1750 diutius
930 1685 995 1751 esse
1014 1691 1044 1751 ln

124 1793 240 1848 umore.
286 1808 292 1838 s

564 2017 603 2085 u.
685 1965 687 1967 ⁸

386 2237 773 2318 THEMlSTOCLES.
869 2240 871 2244 ⁴

166 2564 191 2628 l.
205 2565 429 2641 Themistocles,
446 2563 546 2627 Neocli
559 2564 649 2642 lilius,
661 2565 852 2627 atheniensis.
867 2564 962 2628 Huius
974 2567 1044 2628 vitia

122 2661 254 2724 ineuntis
270 2662 386 2724 adolese
428 2663 486 2724 tiae
501 2662 614 2741 magnis
625 2663 860 2725 suntemendala
872 2663 1042 2740 virtutibus;

123 2759 195 2822 adeo
214 2769 247 2822 ut
264 2681 444 2822 anlelerazr
461 2759 530 2822 lruic
554 2779 654 2836 nemo,
675 2760 763 2841 pauci
787 2779 873 2841 pares
889 2768 1041 2841 putentur.

123 2854 179 2919 Sed
199 2857 235 2919 ali
253 2856 338 2918 initio
366 2867 410 2919 est
436 2856 623 2919 ordiendum.
652 2856 738 2919 Pater
755 2857 820 2920 eius
849 2856 977 2918 Neoelus
995 2857 1042 2938 (2)

153 3060 183 3120 (li
200 3061 240 3106 vei
255 3071 335 3118 regno,
351 3070 398 3105 non
414 3058 571 3119 haereditate¹
586 3058 627 3104 sed
643 3060 690 3104 alio
704 3059 810 3116 quolibet
824 3068 888 3116 casu,
905 3056 1044 3114 potirentur.

122 3129 160 3174 Blc
175 3129 276 3188 Oedipus
291 3129 384 3175 Graecis
406 3130 512 3195 τύραννος
530 3130 565 3174 est
589 3128 734 3187 appellatus,
755 3127 820 3185 quod
835 3127 910 3186 patri,
926 3126 1043 3182 tamquam

121 3198 246 3256 externus,
264 3207 342 3254 oeque
361 3196 471 3255 populari
493 3206 573 3252 regum
596 3197 667 3254 stirpe
691 3196 833 3253 prognatus,
855 3194 995 3239 successisse
1010 3195 1043 3238 vi·

122 3265 224 3311 deretur.
642 3267 643 3271 ’

154 3333 185 3389 121
200 3334 287 3379 Graece
299 3334 411 3394 doering
429 3332 470 3378 sed
485 3333 550 3377 latini
564 3342 649 3378 aureae
663 3331 745 3377 aetatis
758 3331 881 3389 scriptores
895 3329 1044 3376 horatianum

122 3401 272 3459 praeceptum
283 3399 407 3445 servabant
417 3399 448 3446 de
462 3410 532 3458 parce
547 3398 712 3457 detorquendis
726 3398 757 3443 ad
767 3399 861 3444 latinam
874 3398 989 3444 rationem
1004 3411 1045 3446 ro·

121 3463 200 3526 cibus,
216 3476 277 3524 quae
286 3476 369 3522 graeco
382 3463 446 3512 lunio
460 3465 570 3512 cederent
580 3467 622 3523 (11.
630 3465 672 3526 Ep.
684 3466 714 3512 ad
725 3465 799 3512 Pisa.
808 3463 838 3510 aa
850 3466 873 3510 et
884 3477 931 3525 seq.
939 3468 955 3522 Ι.
