2452 3938
514 279 648 324 nonanus
980 266 1040 330 tas

120 370 303 437 aduersarios
315 370 386 432 illuc
404 388 473 432 suas
488 371 668 433 contraxisse
685 370 796 452 coplas.
821 369 914 435 blutat
939 376 1042 435 consi-

121 469 213 547 lium;
231 477 261 531 et
278 467 419 548 quoniam
433 466 638 547 imprudentes
658 467 770 530 adoriri
786 487 845 531 nou
859 478 973 550 posset,
991 471 1043 532 lle·

120 566 173 629 etit
189 565 248 628 iter
264 583 365 640 suum,
389 572 419 626 et
436 563 519 625 illum
536 564 701 627 anfractum
721 566 885 646 longiorem
904 567 1042 646 copiosae

121 662 184 725 riae
198 661 290 743 capit,
303 660 406 742 ibique
423 660 500 723 diem
516 679 608 723 uuum
625 663 778 744 opperitur
789 662 826 725 ad
838 662 1041 725 lassitudinem

121 759 281 823 sedandam
299 758 449 834 militum,
465 758 499 819 ac
525 759 685 821 reficienda
702 760 855 838 iumenta,
873 777 934 841 quo
962 760 1042 822 inte·

120 853 217 934 'griore
244 854 373 918 exercitu
396 853 578 917 decerneret.

172 951 209 1015 X.
225 949 278 1013 Sic
293 942 444 1015 Eumenes
467 952 607 1013 callidum
628 950 837 1033 imperatorem
859 953 930 1016 uicit
947 952 1120 1030 consi-,520

122 1051 176 1129 lio,
197 1048 440 1128 celeritatemque
459 1047 615 1128 impedivit
636 1049 718 1111 eius:
735 1068 833 1130 neque
851 1058 950 1112 tamen
967 1051 1042 1112 mul·

122 1156 184 1211 tum
202 1144 339 1228 proiecit.
361 1144 434 1207 Nam
450 1144 561 1206 invidia
587 1144 710 1223 ducum,
737 1165 804 1206 oum
828 1146 938 1226 quibus
956 1155 1041 1223 erat,

123 1243 303 1326 perfidisque
336 1240 463 1302 militum
496 1241 690 1303 macedonum
713 1250 944 1318 ueteranorum,
975 1261 1042 1303 cum

122 1339 258 1423 superior
285 1338 396 1419 proelio
425 1337 630 1417 discessisset,
653 1337 800 1417 Antigono
831 1347 876 1401 est
905 1338 1041 1416 deditus,

122 1454 188 1501 cum
208 1435 354 1498 exercitus
372 1434 400 1496 ei
425 1443 472 1496 ter
496 1445 581 1512 ante,
605 1437 750 1516 separatis
769 1435 975 1517 temporibus,
997 1436 1044 1496 iu·

122 1540 227 1610 resset,
245 1549 278 1594 se
299 1549 367 1593 eum
389 1529 592 1607 defensurum,
612 1550 667 1593 nec
690 1550 822 1615 unquam
838 1531 1041 1594 deserturum·

122 1627 179 1692 Sed
196 1636 280 1692 tanta
297 1626 353 1690 tuit
373 1628 585 1691 nonnullorum
603 1627 721 1690 uirtutis
740 1628 915 1691 obtrectatio
929 1629 991 1709 (l),
1011 1637 1045 1688 ut

123 1726 210 1789 llderu
232 1725 370 1789 amittere
395 1725 532 1802 mallent,
550 1744 638 1806 quam
659 1743 726 1786 eum
745 1744 805 1788 non
832 1725 968 1807 prodere.
993 1723 1046 1787 tr-

123 1840 181 1904 que
191 1823 271 1885 bunc
282 1821 458 1900 Antigonus,
478 1840 544 1883 cum
565 1822 592 1884 ei
611 1822 715 1884 luisset
733 1822 956 1898 infestissimus,
970 1840 1043 1883 cou-

124 1925 278 1995 serrasset,
297 1919 323 1979 si
344 1936 399 1999 per
417 1936 488 1980 suos
506 1926 584 1979 esset
601 1917 729 1995 licitum,
751 1917 830 1999 quod
852 1917 890 1980 ab
909 1919 992 1980 nullo
1013 1937 1045 1981 se

125 2016 190 2095 plus
205 2014 340 2079 adiuuari
354 2032 442 2097 posse
460 2013 644 2093 intelligebat
664 2015 696 2076 ln
716 2015 763 2076 bis
784 2014 874 2077 rebus
894 2033 969 2096 quas
992 2014 1046 2077 im·

125 2112 254 2192 pendere
281 2111 341 2174 iam
366 2112 530 2193 apparebat
559 2111 709 2174 omnibus.
739 2111 938 2176 Immiuebaut
965 2112 1045 2175 enim

125 2205 279 2286 Seleucus,
298 2206 503 2289 Lysimachus,
523 2206 781 2290 Ptolemaeusffi),
801 2209 909 2291 opibus
925 2209 983 2271 iam
996 2228 1048 2272 ra·

126 2303 231 2382 lentes,
249 2321 318 2369 cum
342 2303 451 2384 quibus
479 2304 507 2366 ei
530 2303 566 2366 de
588 2304 712 2366 summis
735 2305 826 2367 rebus
854 2314 917 2368 erat
952 2305 1045 2367 dimi-

126 2401 265 2464 candum.
291 2399 350 2463 Sed
368 2421 426 2464 nou
443 2402 522 2483 passi
539 2411 608 2463 sunt
627 2402 670 2479 bi,
688 2403 738 2482 qui
752 2403 831 2465 circa
849 2412 946 2483 erant3
967 2405 1045 2485 quod

126 2497 280 2575 uidebant,
299 2496 433 2562 Eumene
450 2508 587 2580 recepto,
608 2517 710 2561 omues
735 2518 805 2581 pree
824 2501 874 2564 illo
894 2502 976 2583 parvi
997 2503 1047 2564 lu·

123 2601 220 2659 turos.
242 2594 310 2677 lpse
332 2605 431 2659 aulem
454 2595 619 2674 Antigonus
648 2595 723 2660 adeo
746 2606 809 2660 erat
829 2599 991 2673 incensus,
1014 2608 1048 2661 ut

122 2690 184 2753 uisi
213 2710 322 2772 magna
343 2712 396 2774 spe
422 2694 616 2755 maximarum
649 2712 749 2756 rernm
785 2694 872 2756 leniri
894 2715 953 2758 uon
979 2714 1049 2777 pos·

119 2788 235 2870 setldl.
322 2810 326 2816 ·

161 2882 210 2948 xt.
230 2885 334 2968 ltaque
348 2904 416 2948 cum
435 2905 503 2949 eum
520 2887 551 2949 iu
569 2886 733 2949 custodiam
752 2887 894 2966 dedisset,
913 2898 943 2951 et
960 2907 1046 2970 prae·

121 2981 220 3045 dectus
248 2982 404 3046 custodum
439 2984 624 3064 quaesisset,
656 2984 905 3066 quemadmodum
937 2990 1046 3048 servari

122 3077 229 3142 uellet:
249 3087 283 3144 ut
300 3082 490 3157 marimum,
503 3080 612 3162 inquit,
626 3081 748 3160 bouem,
765 3089 818 3145 out
829 3083 1048 3164 ferocissimum
1147 3126 1150 3133 ·

156 3230 186 3290 (ll
198 3233 254 3280 liele
269 3234 309 3279 Mu
324 3235 345 3280 le
363 3234 429 3280 otrlb
444 3234 471 3280 dl
480 3234 581 3279 Eumene
593 3237 639 3279 coel
657 3236 806 3293 diruptuvuuo
824 3236 903 3283 alcuni
917 3238 961 3283 etc.

125 3298 304 3412 „Quum
325 3301 365 3348 tlte
386 3302 506 3364 Babyloni,
530 3303 621 3350 medius
640 3303 774 3365 Thraciae,
797 3303 837 3350 bic
852 3308 955 3366 aegypto
978 3306 1051 3366 impe·

158 3399 260 3494 (ω’Μα
275 3435 293 3484 Ε
311 3438 429 3497 Antiquom
453 3443 522 3484 suero
536 3451 576 3484 eru
601 3439 647 3484 eorl
662 3440 722 3484 mule
736 3440 844 3500 dlrposlo,
862 3440 904 3486 cte
918 3455 987 3487 seusu
1001 3452 1052 3498 sps·

130 3510 200 3550 ruuzu
214 3505 241 3550 tlt
255 3516 340 3550 eumue
356 3509 481 3552 moreau
494 3507 600 3566 enutrit,
613 3507 678 3552 nullu
694 3520 733 3552 ero
747 3508 784 3553 del
796 3509 931 3566 puctttcurrt
939 3522 982 3555 coo
992 3509 1034 3553 lut.

203 3737 429 3815 aaronitae.
983 3714 1009 3773 ‘t
