<?xml version="1.0" encoding="UTF-8"?>
<!DOCTYPE html PUBLIC "-//W3C//DTD XHTML 1.0 Transitional//EN"
    "http://www.w3.org/TR/xhtml1/DTD/xhtml1-transitional.dtd">
<html xmlns="http://www.w3.org/1999/xhtml" xml:lang="en" lang="en">
 <head>
  <title>
</title>
<meta http-equiv="Content-Type" content="text/html;charset=utf-8" />
  <meta name='ocr-system' content='tesseract 3.04.00' />
  <meta name='ocr-capabilities' content='ocr_page ocr_carea ocr_par ocr_line ocrx_word'/>
</head>
<body>
  <div class='ocr_page' id='page_1' title='image "./corneliinepotis18nepogoog_0020.png"; bbox 0 0 2452 3938; ppageno 0'>
   <div class='ocr_carea' id='block_1_1' title="bbox 502 277 1046 340">
    <p class='ocr_par' dir='ltr' id='par_1_1' title="bbox 502 277 1046 340">
     <span class='ocr_line' id='line_1_1' title="bbox 502 277 1046 340; baseline 0.007 -4"><span class='ocrx_word' id='word_1_1' title='bbox 502 291 659 338; x_wconf 81' lang='lat' dir='ltr'>ururmnrs</span> <span class='ocrx_word' id='word_1_2' title='bbox 1006 277 1046 340; x_wconf 82' lang='lat'>15</span> 
     </span>
    </p>
   </div>
   <div class='ocr_carea' id='block_1_2' title="bbox 95 382 1138 2206">
    <p class='ocr_par' dir='ltr' id='par_1_2' title="bbox 95 382 1138 2206">
     <span class='ocr_line' id='line_1_2' title="bbox 121 382 1043 468; baseline 0.005 -24"><span class='ocrx_word' id='word_1_3' title='bbox 121 383 272 446; x_wconf 83' lang='lat' dir='ltr'>uoluntate</span> <span class='ocrx_word' id='word_1_4' title='bbox 290 390 433 466; x_wconf 90' lang='lat' dir='ltr'>perpetuo</span> <span class='ocrx_word' id='word_1_5' title='bbox 450 382 609 465; x_wconf 90' lang='lat' dir='ltr'>imperium</span> <span class='ocrx_word' id='word_1_6' title='bbox 631 384 795 463; x_wconf 88' lang='lat' dir='ltr'>obtineret,</span> <span class='ocrx_word' id='word_1_7' title='bbox 815 385 867 468; x_wconf 91' lang='lat' dir='ltr'>qui</span> <span class='ocrx_word' id='word_1_8' title='bbox 890 386 1043 464; x_wconf 79' lang='lat' dir='ltr'><strong>miserant,</strong></span> 
     </span>
     <span class='ocr_line' id='line_1_3' title="bbox 122 478 1046 563; baseline 0.004 -21"><span class='ocrx_word' id='word_1_9' title='bbox 122 497 211 562; x_wconf 89' lang='lat' dir='ltr'>quam</span> <span class='ocrx_word' id='word_1_10' title='bbox 229 479 363 556; x_wconf 90' lang='lat' dir='ltr'>illorum,</span> <span class='ocrx_word' id='word_1_11' title='bbox 382 498 450 542; x_wconf 89' lang='lat' dir='ltr'>cum</span> <span class='ocrx_word' id='word_1_12' title='bbox 469 478 579 562; x_wconf 89' lang='lat' dir='ltr'>quibus</span> <span class='ocrx_word' id='word_1_13' title='bbox 597 489 660 543; x_wconf 90' lang='lat' dir='ltr'>erat</span> <span class='ocrx_word' id='word_1_14' title='bbox 682 483 843 563; x_wconf 87' lang='lat' dir='ltr'>proiectus.</span> <span class='ocrx_word' id='word_1_15' title='bbox 863 482 1046 547; x_wconf 83' lang='lat' dir='ltr'>Chersoneso</span> 
     </span>
     <span class='ocr_line' id='line_1_4' title="bbox 123 575 1138 661; baseline 0.002 -21"><span class='ocrx_word' id='word_1_16' title='bbox 123 577 172 641; x_wconf 90' lang='lat' dir='ltr'>tali</span> <span class='ocrx_word' id='word_1_17' title='bbox 198 575 287 639; x_wconf 90' lang='lat' dir='ltr'>modo</span> <span class='ocrx_word' id='word_1_18' title='bbox 305 576 477 655; x_wconf 88' lang='lat' dir='ltr'>constituta,</span> <span class='ocrx_word' id='word_1_19' title='bbox 496 575 644 640; x_wconf 84' lang='lat' dir='ltr'>Lemnum</span> <span class='ocrx_word' id='word_1_20' title='bbox 660 579 828 657; x_wconf 86' lang='lat' dir='ltr'>revertitur,</span> <span class='ocrx_word' id='word_1_21' title='bbox 858 588 941 644; x_wconf 86' lang='lat' dir='ltr'>etex</span> <span class='ocrx_word' id='word_1_22' title='bbox 959 587 1045 661; x_wconf 90' lang='lat' dir='ltr'>pacto</span> <span class='ocrx_word' id='word_1_23' title='bbox 1090 634 1096 644; x_wconf 94' lang='lat'>.</span> <span class='ocrx_word' id='word_1_24' title='bbox 1115 630 1138 656; x_wconf 67' lang='lat'><em>„</em></span> 
     </span>
     <span class='ocr_line' id='line_1_5' title="bbox 122 672 1045 755; baseline 0.002 -19"><span class='ocrx_word' id='word_1_25' title='bbox 122 674 270 755; x_wconf 88' lang='lat' dir='ltr'>postulat,</span> <span class='ocrx_word' id='word_1_26' title='bbox 297 682 331 735; x_wconf 88' lang='lat' dir='ltr'>ui</span> <span class='ocrx_word' id='word_1_27' title='bbox 354 672 412 735; x_wconf 92' lang='lat' dir='ltr'>sibi</span> <span class='ocrx_word' id='word_1_28' title='bbox 438 672 544 737; x_wconf 89' lang='lat' dir='ltr'>urbem</span> <span class='ocrx_word' id='word_1_29' title='bbox 568 674 695 737; x_wconf 82' lang='lat' dir='ltr'>tradant.</span> <span class='ocrx_word' id='word_1_30' title='bbox 722 674 767 737; x_wconf 92' lang='lat' dir='ltr'>Illi</span> <span class='ocrx_word' id='word_1_31' title='bbox 791 676 870 738; x_wconf 90' lang='lat' dir='ltr'>enim</span> <span class='ocrx_word' id='word_1_32' title='bbox 898 676 1045 754; x_wconf 80' lang='lat' dir='ltr'>dixerant,</span> 
     </span>
     <span class='ocr_line' id='line_1_6' title="bbox 122 767 1046 853; baseline 0.001 -20"><span class='ocrx_word' id='word_1_33' title='bbox 122 787 214 852; x_wconf 91' lang='lat' dir='ltr'>quum</span> <span class='ocrx_word' id='word_1_34' title='bbox 232 777 320 832; x_wconf 81' lang='lat' dir='ltr'>uento</span> <span class='ocrx_word' id='word_1_35' title='bbox 337 767 432 832; x_wconf 89' lang='lat' dir='ltr'>Borea</span> <span class='ocrx_word' id='word_1_36' title='bbox 444 769 532 832; x_wconf 92' lang='lat' dir='ltr'>domo</span> <span class='ocrx_word' id='word_1_37' title='bbox 551 771 701 853; x_wconf 82' lang='lat' dir='ltr'>proiectus</span> <span class='ocrx_word' id='word_1_38' title='bbox 720 791 755 834; x_wconf 89' lang='lat' dir='ltr'>eo</span> <span class='ocrx_word' id='word_1_39' title='bbox 773 772 1046 853; x_wconf 88' lang='lat' dir='ltr'>pervenissct‚sesc</span> 
     </span>
     <span class='ocr_line' id='line_1_7' title="bbox 122 866 1046 932; baseline 0.001 -4"><span class='ocrx_word' id='word_1_40' title='bbox 122 866 290 930; x_wconf 82' lang='lat' dir='ltr'><strong>dedituros:</strong></span> <span class='ocrx_word' id='word_1_41' title='bbox 310 873 460 929; x_wconf 83' lang='lat' dir='ltr'>secutam</span> <span class='ocrx_word' id='word_1_42' title='bbox 486 867 608 930; x_wconf 91' lang='lat' dir='ltr'>domurn</span> <span class='ocrx_word' id='word_1_43' title='bbox 633 867 808 932; x_wconf 82' lang='lat' dir='ltr'>Chersonesi</span> <span class='ocrx_word' id='word_1_44' title='bbox 834 869 956 931; x_wconf 88' lang='lat' dir='ltr'>habere.</span> <span class='ocrx_word' id='word_1_45' title='bbox 987 867 1046 930; x_wconf 86' lang='lat' dir='ltr'>Ca-</span> 
     </span>
     <span class='ocr_line' id='line_1_8' title="bbox 122 961 1047 1047; baseline -0.001 -20"><span class='ocrx_word' id='word_1_46' title='bbox 122 981 167 1027; x_wconf 89' lang='lat' dir='ltr'>res</span> <span class='ocrx_word' id='word_1_47' title='bbox 183 963 244 1044; x_wconf 89' lang='lat' dir='ltr'>(l),</span> <span class='ocrx_word' id='word_1_48' title='bbox 267 963 399 1044; x_wconf 87' lang='lat' dir='ltr'>quitum</span> <span class='ocrx_word' id='word_1_49' title='bbox 417 961 562 1026; x_wconf 84' lang='lat' dir='ltr'><strong>Lemnum</strong></span> <span class='ocrx_word' id='word_1_50' title='bbox 579 963 761 1042; x_wconf 77' lang='lat' dir='ltr'>incolebant,</span> <span class='ocrx_word' id='word_1_51' title='bbox 781 965 836 1027; x_wconf 89' lang='lat' dir='ltr'>etsi</span> <span class='ocrx_word' id='word_1_52' title='bbox 855 964 1047 1047; x_wconf 89' lang='lat' dir='ltr'>praeteropi·</span> 
     </span>
     <span class='ocr_line' id='line_1_9' title="bbox 123 1059 1046 1139; baseline 0.001 -17"><span class='ocrx_word' id='word_1_53' title='bbox 123 1060 243 1124; x_wconf 84' lang='lat' dir='ltr'>aionem</span> <span class='ocrx_word' id='word_1_54' title='bbox 262 1078 310 1122; x_wconf 91' lang='lat' dir='ltr'>res</span> <span class='ocrx_word' id='word_1_55' title='bbox 327 1059 493 1138; x_wconf 81' lang='lat' dir='ltr'>ceciderat,</span> <span class='ocrx_word' id='word_1_56' title='bbox 520 1069 620 1123; x_wconf 88' lang='lat' dir='ltr'>tamen</span> <span class='ocrx_word' id='word_1_57' title='bbox 642 1079 703 1123; x_wconf 91' lang='lat' dir='ltr'>non</span> <span class='ocrx_word' id='word_1_58' title='bbox 727 1061 821 1139; x_wconf 91' lang='lat' dir='ltr'>dicto,</span> <span class='ocrx_word' id='word_1_59' title='bbox 840 1062 893 1125; x_wconf 91' lang='lat' dir='ltr'>sed</span> <span class='ocrx_word' id='word_1_60' title='bbox 916 1061 1046 1124; x_wconf 89' lang='lat' dir='ltr'>secunda</span> 
     </span>
     <span class='ocr_line' id='line_1_10' title="bbox 123 1156 1055 1239; baseline -0.003 -18"><span class='ocrx_word' id='word_1_61' title='bbox 123 1159 240 1223; x_wconf 90' lang='lat' dir='ltr'>iortuua</span> <span class='ocrx_word' id='word_1_62' title='bbox 257 1156 494 1220; x_wconf 81' lang='lat' dir='ltr'>adversariorum</span> <span class='ocrx_word' id='word_1_63' title='bbox 521 1157 612 1239; x_wconf 86' lang='lat' dir='ltr'>capti,</span> <span class='ocrx_word' id='word_1_64' title='bbox 631 1157 770 1220; x_wconf 88' lang='lat' dir='ltr'>resistere</span> <span class='ocrx_word' id='word_1_65' title='bbox 794 1159 860 1220; x_wconf 85' lang='lat' dir='ltr'>¹ausi</span> <span class='ocrx_word' id='word_1_66' title='bbox 880 1176 939 1220; x_wconf 90' lang='lat' dir='ltr'>non</span> <span class='ocrx_word' id='word_1_67' title='bbox 962 1164 1055 1235; x_wconf 85' lang='lat' dir='ltr'>sunt,-</span> 
     </span>
     <span class='ocr_line' id='line_1_11' title="bbox 124 1252 1048 1336; baseline -0.003 -18"><span class='ocrx_word' id='word_1_68' title='bbox 124 1265 212 1336; x_wconf 85' lang='lat' dir='ltr'>atque</span> <span class='ocrx_word' id='word_1_69' title='bbox 230 1272 265 1315; x_wconf 83' lang='lat' dir='ltr'>ex</span> <span class='ocrx_word' id='word_1_70' title='bbox 281 1253 379 1315; x_wconf 88' lang='lat' dir='ltr'>insula</span> <span class='ocrx_word' id='word_1_71' title='bbox 393 1252 605 1332; x_wconf 80' lang='lat' dir='ltr'>demigrarunt.</span> <span class='ocrx_word' id='word_1_72' title='bbox 625 1252 693 1315; x_wconf 87' lang='lat' dir='ltr'>Pari</span> <span class='ocrx_word' id='word_1_73' title='bbox 709 1253 850 1316; x_wconf 78' lang='lat' dir='ltr'>felicitate</span> <span class='ocrx_word' id='word_1_74' title='bbox 868 1262 982 1317; x_wconf 87' lang='lat' dir='ltr'>ceteras</span> <span class='ocrx_word' id='word_1_75' title='bbox 1000 1253 1048 1315; x_wconf 89' lang='lat' dir='ltr'>in·</span> 
     </span>
     <span class='ocr_line' id='line_1_12' title="bbox 124 1347 1047 1432; baseline -0.002 -18"><span class='ocrx_word' id='word_1_76' title='bbox 124 1352 216 1424; x_wconf 88' lang='lat' dir='ltr'>sulas,</span> <span class='ocrx_word' id='word_1_77' title='bbox 235 1367 313 1432; x_wconf 88' lang='lat' dir='ltr'>quae</span> <span class='ocrx_word' id='word_1_78' title='bbox 334 1347 473 1430; x_wconf 78' lang='lat' dir='ltr'>Cyclados</span> <span class='ocrx_word' id='word_1_79' title='bbox 491 1347 695 1413; x_wconf 77' lang='lat' dir='ltr'>nominantur</span> <span class='ocrx_word' id='word_1_80' title='bbox 716 1349 780 1432; x_wconf 72' lang='lat' dir='ltr'>(l),</span> <span class='ocrx_word' id='word_1_81' title='bbox 799 1349 855 1414; x_wconf 90' lang='lat' dir='ltr'>sub</span> <span class='ocrx_word' id='word_1_82' title='bbox 880 1350 1047 1414; x_wconf 80' lang='lat' dir='ltr'>Athenien-</span> 
     </span>
     <span class='ocr_line' id='line_1_13' title="bbox 126 1445 529 1527; baseline -0.002 -16"><span class='ocrx_word' id='word_1_83' title='bbox 126 1448 201 1511; x_wconf 83' lang='lat' dir='ltr'>sium</span> <span class='ocrx_word' id='word_1_84' title='bbox 215 1445 329 1526; x_wconf 81' lang='lat' dir='ltr'>redegit</span> <span class='ocrx_word' id='word_1_85' title='bbox 342 1454 529 1527; x_wconf 86' lang='lat' dir='ltr'>potestatem.</span> 
     </span>
     <span class='ocr_line' id='line_1_14' title="bbox 163 1542 1125 1637; baseline -0.002 -29"><span class='ocrx_word' id='word_1_86' title='bbox 163 1543 215 1608; x_wconf 87' lang='lat'>111.</span> <span class='ocrx_word' id='word_1_87' title='bbox 227 1542 346 1607; x_wconf 80' lang='lat' dir='ltr'>Eisdem</span> <span class='ocrx_word' id='word_1_88' title='bbox 358 1542 555 1623; x_wconf 86' lang='lat' dir='ltr'>temporibus,</span> <span class='ocrx_word' id='word_1_89' title='bbox 573 1542 731 1606; x_wconf 86' lang='lat' dir='ltr'>Persarum</span> <span class='ocrx_word' id='word_1_90' title='bbox 750 1561 801 1605; x_wconf 86' lang='lat' dir='ltr'>rex</span> <span class='ocrx_word' id='word_1_91' title='bbox 817 1543 924 1606; x_wconf 89' lang='lat' dir='ltr'>Darius</span> <span class='ocrx_word' id='word_1_92' title='bbox 937 1544 997 1625; x_wconf 85' lang='grc'>(3),</span> <span class='ocrx_word' id='word_1_93' title='bbox 1012 1563 1125 1637; x_wconf 52' lang='lat' dir='ltr'>erm</span> 
     </span>
     <span class='ocr_line' id='line_1_15' title="bbox 124 1637 1045 1722; baseline -0.007 -16"><span class='ocrx_word' id='word_1_94' title='bbox 124 1641 192 1707; x_wconf 77' lang='lat' dir='ltr'>Asia</span> <span class='ocrx_word' id='word_1_95' title='bbox 206 1640 237 1702; x_wconf 90' lang='lat' dir='ltr'>in</span> <span class='ocrx_word' id='word_1_96' title='bbox 256 1639 406 1720; x_wconf 82' lang='lat' dir='ltr'>Europam</span> <span class='ocrx_word' id='word_1_97' title='bbox 424 1638 553 1701; x_wconf 82' lang='lat' dir='ltr'>exercitu</span> <span class='ocrx_word' id='word_1_98' title='bbox 573 1640 708 1719; x_wconf 88' lang='lat' dir='ltr'>traiecto,</span> <span class='ocrx_word' id='word_1_99' title='bbox 732 1637 846 1722; x_wconf 71' lang='lat' dir='ltr'>Scythis</span> <span class='ocrx_word' id='word_1_100' title='bbox 869 1641 916 1722; x_wconf 82' lang='lat' dir='ltr'>(d)</span> <span class='ocrx_word' id='word_1_101' title='bbox 935 1639 1045 1701; x_wconf 90' lang='lat' dir='ltr'>ballum</span> 
     </span>
     <span class='ocr_line' id='line_1_16' title="bbox 95 1735 1047 1817; baseline -0.004 -15"><span class='ocrx_word' id='word_1_102' title='bbox 95 1739 98 1746; x_wconf 89' lang='lat'>&#39;</span> <span class='ocrx_word' id='word_1_103' title='bbox 124 1739 234 1803; x_wconf 89' lang='lat' dir='ltr'>inlerre</span> <span class='ocrx_word' id='word_1_104' title='bbox 254 1735 395 1799; x_wconf 88' lang='lat' dir='ltr'>decrevit:</span> <span class='ocrx_word' id='word_1_105' title='bbox 415 1744 535 1816; x_wconf 88' lang='lat' dir='ltr'>pontem</span> <span class='ocrx_word' id='word_1_106' title='bbox 549 1736 618 1798; x_wconf 89' lang='lat' dir='ltr'>lecit</span> <span class='ocrx_word' id='word_1_107' title='bbox 633 1737 665 1798; x_wconf 90' lang='lat' dir='ltr'>in</span> <span class='ocrx_word' id='word_1_108' title='bbox 681 1735 755 1799; x_wconf 90' lang='lat' dir='ltr'>Istro</span> <span class='ocrx_word' id='word_1_109' title='bbox 774 1737 822 1817; x_wconf 87' lang='lat'>(5)</span> <span class='ocrx_word' id='word_1_110' title='bbox 836 1737 972 1813; x_wconf 88' lang='lat' dir='ltr'>tlumine,</span> <span class='ocrx_word' id='word_1_111' title='bbox 989 1755 1047 1817; x_wconf 91' lang='lat' dir='ltr'>qua</span> 
     </span>
     <span class='ocr_line' id='line_1_17' title="bbox 125 1832 1048 1919; baseline -0.007 -18"><span class='ocrx_word' id='word_1_112' title='bbox 125 1833 415 1919; x_wconf 80' lang='lat' dir='ltr'>copiastraduceret3</span> <span class='ocrx_word' id='word_1_113' title='bbox 431 1832 496 1897; x_wconf 89' lang='lat' dir='ltr'>eius</span> <span class='ocrx_word' id='word_1_114' title='bbox 506 1833 617 1915; x_wconf 90' lang='lat' dir='ltr'>pontis,</span> <span class='ocrx_word' id='word_1_115' title='bbox 634 1833 703 1896; x_wconf 90' lang='lat' dir='ltr'>dum</span> <span class='ocrx_word' id='word_1_116' title='bbox 723 1834 788 1916; x_wconf 93' lang='lat' dir='ltr'>ipse</span> <span class='ocrx_word' id='word_1_117' title='bbox 802 1834 931 1911; x_wconf 84' lang='lat' dir='ltr'>abesset,</span> <span class='ocrx_word' id='word_1_118' title='bbox 949 1840 1048 1895; x_wconf 90' lang='lat' dir='ltr'>custo·</span> 
     </span>
     <span class='ocr_line' id='line_1_18' title="bbox 126 1928 1047 2012; baseline -0.01 -13"><span class='ocrx_word' id='word_1_119' title='bbox 126 1934 177 1999; x_wconf 88' lang='lat' dir='ltr'>des</span> <span class='ocrx_word' id='word_1_120' title='bbox 188 1928 473 2012; x_wconf 88' lang='lat' dir='ltr'>reliquitprincipes,</span> <span class='ocrx_word' id='word_1_121' title='bbox 487 1949 561 2011; x_wconf 89' lang='lat' dir='ltr'>quos</span> <span class='ocrx_word' id='word_1_122' title='bbox 572 1948 673 1992; x_wconf 92' lang='lat' dir='ltr'>secum</span> <span class='ocrx_word' id='word_1_123' title='bbox 687 1949 722 1992; x_wconf 87' lang='lat' dir='ltr'>ex</span> <span class='ocrx_word' id='word_1_124' title='bbox 734 1929 818 1992; x_wconf 90' lang='lat' dir='ltr'>Ionia</span> <span class='ocrx_word' id='word_1_125' title='bbox 830 1939 860 1993; x_wconf 91' lang='lat' dir='ltr'>et</span> <span class='ocrx_word' id='word_1_126' title='bbox 870 1928 1047 2010; x_wconf 67' lang='lat' dir='ltr'>Aeolideffi)</span> 
     </span>
     <span class='ocr_line' id='line_1_19' title="bbox 126 2025 1048 2110; baseline -0.009 -13"><span class='ocrx_word' id='word_1_127' title='bbox 126 2033 257 2106; x_wconf 82' lang='lat' dir='ltr'>duxerat,</span> <span class='ocrx_word' id='word_1_128' title='bbox 276 2026 385 2110; x_wconf 89' lang='lat' dir='ltr'>quibus</span> <span class='ocrx_word' id='word_1_129' title='bbox 401 2025 526 2106; x_wconf 90' lang='lat' dir='ltr'>singulis</span> <span class='ocrx_word' id='word_1_130' title='bbox 542 2026 674 2109; x_wconf 91' lang='lat' dir='ltr'>ipsarum</span> <span class='ocrx_word' id='word_1_131' title='bbox 693 2027 811 2091; x_wconf 92' lang='lat' dir='ltr'>urbium</span> <span class='ocrx_word' id='word_1_132' title='bbox 831 2036 974 2110; x_wconf 87' lang='lat' dir='ltr'>perpetua</span> <span class='ocrx_word' id='word_1_133' title='bbox 991 2026 1048 2089; x_wconf 89' lang='lat' dir='ltr'>de-</span> 
     </span>
     <span class='ocr_line' id='line_1_20' title="bbox 128 2119 1048 2206; baseline -0.013 -12"><span class='ocrx_word' id='word_1_134' title='bbox 128 2130 211 2194; x_wconf 87' lang='lat' dir='ltr'>derat</span> <span class='ocrx_word' id='word_1_135' title='bbox 232 2123 371 2206; x_wconf 88' lang='lat' dir='ltr'>imperia.</span> <span class='ocrx_word' id='word_1_136' title='bbox 401 2119 449 2184; x_wconf 89' lang='lat' dir='ltr'>Sic</span> <span class='ocrx_word' id='word_1_137' title='bbox 471 2123 550 2185; x_wconf 89' lang='lat' dir='ltr'>enim</span> <span class='ocrx_word' id='word_1_138' title='bbox 576 2125 707 2204; x_wconf 88' lang='lat' dir='ltr'>putavit,</span> <span class='ocrx_word' id='word_1_139' title='bbox 730 2123 870 2187; x_wconf 82' lang='lat' dir='ltr'>facillime</span> <span class='ocrx_word' id='word_1_140' title='bbox 892 2143 924 2186; x_wconf 91' lang='lat' dir='ltr'>se</span> <span class='ocrx_word' id='word_1_141' title='bbox 941 2139 1048 2202; x_wconf 78' lang='lat' dir='ltr'>gruem</span> 
     </span>
    </p>
   </div>
   <div class='ocr_carea' id='block_1_3' title="bbox 107 2282 1056 3556">
    <p class='ocr_par' dir='ltr' id='par_1_3' title="bbox 128 2282 1051 2484">
     <span class='ocr_line' id='line_1_21' title="bbox 155 2282 1050 2350; baseline -0.004 -15"><span class='ocrx_word' id='word_1_142' title='bbox 155 2289 188 2350; x_wconf 79' lang='lat' dir='ltr'>(l)</span> <span class='ocrx_word' id='word_1_143' title='bbox 197 2289 262 2346; x_wconf 77' lang='lat' dir='ltr'>Quos</span> <span class='ocrx_word' id='word_1_144' title='bbox 277 2285 348 2332; x_wconf 84' lang='lat' dir='ltr'>ctiam</span> <span class='ocrx_word' id='word_1_145' title='bbox 362 2282 394 2329; x_wconf 87' lang='lat' dir='ltr'>ad</span> <span class='ocrx_word' id='word_1_146' title='bbox 407 2282 556 2341; x_wconf 69' lang='lat' dir='ltr'>Pelasgorum</span> <span class='ocrx_word' id='word_1_147' title='bbox 570 2285 663 2342; x_wconf 80' lang='lat' dir='ltr'>gentem</span> <span class='ocrx_word' id='word_1_148' title='bbox 677 2285 817 2345; x_wconf 83' lang='lat' dir='ltr'>pertinuisse</span> <span class='ocrx_word' id='word_1_149' title='bbox 829 2288 852 2331; x_wconf 89' lang='lat' dir='ltr'>at</span> <span class='ocrx_word' id='word_1_150' title='bbox 863 2284 996 2331; x_wconf 88' lang='lat' dir='ltr'>lierodotua</span> <span class='ocrx_word' id='word_1_151' title='bbox 1011 2285 1050 2332; x_wconf 86' lang='lat' dir='ltr'>ta·</span> 
     </span>
     <span class='ocr_line' id='line_1_22' title="bbox 128 2346 1051 2415; baseline -0.003 -10"><span class='ocrx_word' id='word_1_152' title='bbox 128 2359 199 2405; x_wconf 68' lang='lat' dir='ltr'>autur</span> <span class='ocrx_word' id='word_1_153' title='bbox 213 2356 237 2402; x_wconf 89' lang='lat' dir='ltr'>et</span> <span class='ocrx_word' id='word_1_154' title='bbox 252 2364 281 2401; x_wconf 82' lang='lat' dir='ltr'>ex</span> <span class='ocrx_word' id='word_1_155' title='bbox 295 2365 325 2399; x_wconf 94' lang='lat' dir='ltr'>eo</span> <span class='ocrx_word' id='word_1_156' title='bbox 343 2352 415 2412; x_wconf 87' lang='lat' dir='ltr'>patet,</span> <span class='ocrx_word' id='word_1_157' title='bbox 435 2351 500 2410; x_wconf 86' lang='lat' dir='ltr'>quod</span> <span class='ocrx_word' id='word_1_158' title='bbox 515 2353 596 2410; x_wconf 82' lang='lat' dir='ltr'>cyclici</span> <span class='ocrx_word' id='word_1_159' title='bbox 611 2353 694 2412; x_wconf 76' lang='lat' dir='ltr'>potitae</span> <span class='ocrx_word' id='word_1_160' title='bbox 709 2353 739 2398; x_wconf 92' lang='lat' dir='ltr'>de</span> <span class='ocrx_word' id='word_1_161' title='bbox 753 2353 855 2414; x_wconf 87' lang='lat' dir='ltr'>bospitio</span> <span class='ocrx_word' id='word_1_162' title='bbox 870 2346 977 2415; x_wconf 79' lang='lat' dir='ltr'>namant,</span> <span class='ocrx_word' id='word_1_163' title='bbox 1000 2367 1051 2413; x_wconf 86' lang='lat' dir='ltr'>quo</span> 
     </span>
     <span class='ocr_line' id='line_1_23' title="bbox 129 2418 830 2484; baseline -0.004 -14"><span class='ocrx_word' id='word_1_164' title='bbox 129 2424 238 2484; x_wconf 78' lang='lat' dir='ltr'>appulsos</span> <span class='ocrx_word' id='word_1_165' title='bbox 251 2420 283 2468; x_wconf 89' lang='lat' dir='ltr'>ad</span> <span class='ocrx_word' id='word_1_166' title='bbox 296 2431 341 2466; x_wconf 91' lang='lat' dir='ltr'>sua</span> <span class='ocrx_word' id='word_1_167' title='bbox 358 2418 438 2464; x_wconf 83' lang='lat' dir='ltr'>littora</span> <span class='ocrx_word' id='word_1_168' title='bbox 451 2420 594 2477; x_wconf 74' lang='lat' dir='ltr'>Argonautas</span> <span class='ocrx_word' id='word_1_169' title='bbox 608 2419 697 2466; x_wconf 79' lang='lat' dir='ltr'>Lemnii</span> <span class='ocrx_word' id='word_1_170' title='bbox 711 2432 830 2481; x_wconf 84' lang='lat' dir='ltr'>excepere.</span> 
     </span>
    </p>

    <p class='ocr_par' dir='ltr' id='par_1_4' title="bbox 130 2487 1051 2621">
     <span class='ocr_line' id='line_1_24' title="bbox 158 2487 1051 2551; baseline -0.004 -13"><span class='ocrx_word' id='word_1_171' title='bbox 158 2492 189 2551; x_wconf 79' lang='grc'>(2)</span> <span class='ocrx_word' id='word_1_172' title='bbox 202 2490 327 2549; x_wconf 78' lang='lat' dir='ltr'>Propterea</span> <span class='ocrx_word' id='word_1_173' title='bbox 341 2487 406 2546; x_wconf 85' lang='lat' dir='ltr'>quod</span> <span class='ocrx_word' id='word_1_174' title='bbox 420 2487 501 2548; x_wconf 84' lang='lat' dir='ltr'>circa,</span> <span class='ocrx_word' id='word_1_175' title='bbox 516 2499 607 2534; x_wconf 85' lang='lat' dir='ltr'>sacram</span> <span class='ocrx_word' id='word_1_176' title='bbox 625 2490 697 2536; x_wconf 87' lang='lat' dir='ltr'>natali</span> <span class='ocrx_word' id='word_1_177' title='bbox 711 2489 798 2536; x_wconf 85' lang='lat' dir='ltr'>Dianae</span> <span class='ocrx_word' id='word_1_178' title='bbox 813 2489 836 2536; x_wconf 87' lang='lat' dir='ltr'>et</span> <span class='ocrx_word' id='word_1_179' title='bbox 850 2488 982 2548; x_wconf 74' lang='lat' dir='ltr'>Apollinis,</span> <span class='ocrx_word' id='word_1_180' title='bbox 1001 2488 1051 2534; x_wconf 84' lang='lat' dir='ltr'>Deli</span> 
     </span>
     <span class='ocr_line' id='line_1_25' title="bbox 130 2554 1051 2621; baseline -0.004 -15"><span class='ocrx_word' id='word_1_181' title='bbox 130 2561 239 2618; x_wconf 82' lang='lat' dir='ltr'>iamlam,</span> <span class='ocrx_word' id='word_1_182' title='bbox 250 2559 282 2610; x_wconf 75' lang='grc' dir='ltr'>εἰς</span> <span class='ocrx_word' id='word_1_183' title='bbox 298 2558 386 2621; x_wconf 72' lang='grc' dir='ltr'>κύκλον,</span> <span class='ocrx_word' id='word_1_184' title='bbox 399 2554 458 2601; x_wconf 86' lang='lat' dir='ltr'>idest</span> <span class='ocrx_word' id='word_1_185' title='bbox 472 2555 497 2600; x_wconf 91' lang='lat' dir='ltr'>in</span> <span class='ocrx_word' id='word_1_186' title='bbox 509 2556 624 2602; x_wconf 90' lang='lat' dir='ltr'>circulum</span> <span class='ocrx_word' id='word_1_187' title='bbox 638 2556 766 2617; x_wconf 87' lang='lat' dir='ltr'>dispositae</span> <span class='ocrx_word' id='word_1_188' title='bbox 777 2556 951 2615; x_wconf 87' lang='lat' dir='ltr'>quodammodo</span> <span class='ocrx_word' id='word_1_189' title='bbox 966 2558 1051 2602; x_wconf 84' lang='lat' dir='ltr'>essent.</span> 
     </span>
    </p>

    <p class='ocr_par' dir='ltr' id='par_1_5' title="bbox 107 2622 1053 2960">
     <span class='ocr_line' id='line_1_26' title="bbox 107 2622 1053 2688; baseline -0.006 -15"><span class='ocrx_word' id='word_1_190' title='bbox 107 2622 116 2642; x_wconf 76' lang='lat'>⁸</span> <span class='ocrx_word' id='word_1_191' title='bbox 159 2627 189 2688; x_wconf 75' lang='grc' dir='ltr'>(ὅ)</span> <span class='ocrx_word' id='word_1_192' title='bbox 204 2627 293 2684; x_wconf 75' lang='lat' dir='ltr'>barim,</span> <span class='ocrx_word' id='word_1_193' title='bbox 308 2623 425 2682; x_wconf 78' lang='lat' dir='ltr'>Hystaspis</span> <span class='ocrx_word' id='word_1_194' title='bbox 437 2623 509 2681; x_wconf 88' lang='lat' dir='ltr'>tilius,</span> <span class='ocrx_word' id='word_1_195' title='bbox 524 2623 567 2680; x_wconf 85' lang='lat' dir='ltr'>qui</span> <span class='ocrx_word' id='word_1_196' title='bbox 583 2624 652 2670; x_wconf 90' lang='lat' dir='ltr'>etiarn</span> <span class='ocrx_word' id='word_1_197' title='bbox 667 2624 776 2669; x_wconf 71' lang='lat' dir='ltr'>assuerus</span> <span class='ocrx_word' id='word_1_198' title='bbox 790 2623 814 2666; x_wconf 92' lang='lat' dir='ltr'>in</span> <span class='ocrx_word' id='word_1_199' title='bbox 833 2623 904 2667; x_wconf 81' lang='lat' dir='ltr'>moris</span> <span class='ocrx_word' id='word_1_200' title='bbox 918 2623 1001 2668; x_wconf 87' lang='lat' dir='ltr'>litteris</span> <span class='ocrx_word' id='word_1_201' title='bbox 1016 2623 1053 2668; x_wconf 87' lang='lat' dir='ltr'>est</span> 
     </span>
     <span class='ocr_line' id='line_1_27' title="bbox 130 2689 1051 2756; baseline -0.009 -14"><span class='ocrx_word' id='word_1_202' title='bbox 130 2695 265 2756; x_wconf 87' lang='lat' dir='ltr'>appellatus.</span> <span class='ocrx_word' id='word_1_203' title='bbox 284 2691 326 2738; x_wconf 83' lang='lat' dir='ltr'>iiic</span> <span class='ocrx_word' id='word_1_204' title='bbox 339 2692 394 2749; x_wconf 90' lang='lat' dir='ltr'>post</span> <span class='ocrx_word' id='word_1_205' title='bbox 411 2691 533 2737; x_wconf 86' lang='lat' dir='ltr'>subrutam</span> <span class='ocrx_word' id='word_1_206' title='bbox 548 2692 666 2748; x_wconf 80' lang='lat' dir='ltr'>Magorum</span> <span class='ocrx_word' id='word_1_207' title='bbox 681 2691 874 2748; x_wconf 86' lang='lat' dir='ltr'>dominationem,</span> <span class='ocrx_word' id='word_1_208' title='bbox 889 2691 930 2747; x_wconf 83' lang='lat' dir='ltr'>qui</span> <span class='ocrx_word' id='word_1_209' title='bbox 951 2689 1051 2735; x_wconf 84' lang='lat' dir='ltr'>cambiat</span> 
     </span>
     <span class='ocr_line' id='line_1_28' title="bbox 131 2757 1051 2820; baseline -0.011 -9"><span class='ocrx_word' id='word_1_210' title='bbox 131 2761 297 2820; x_wconf 83' lang='lat' dir='ltr'>successerant,</span> <span class='ocrx_word' id='word_1_211' title='bbox 312 2760 372 2804; x_wconf 85' lang='lat' dir='ltr'>inter</span> <span class='ocrx_word' id='word_1_212' title='bbox 386 2760 475 2817; x_wconf 86' lang='lat' dir='ltr'>septem</span> <span class='ocrx_word' id='word_1_213' title='bbox 486 2761 650 2818; x_wconf 85' lang='lat' dir='ltr'>competitores</span> <span class='ocrx_word' id='word_1_214' title='bbox 664 2770 760 2816; x_wconf 89' lang='lat' dir='ltr'>regnum</span> <span class='ocrx_word' id='word_1_215' title='bbox 771 2759 828 2815; x_wconf 85' lang='lat' dir='ltr'>equi</span> <span class='ocrx_word' id='word_1_216' title='bbox 843 2757 935 2803; x_wconf 86' lang='lat' dir='ltr'>hinnitu</span> <span class='ocrx_word' id='word_1_217' title='bbox 946 2758 981 2802; x_wconf 88' lang='lat' dir='ltr'>est</span> <span class='ocrx_word' id='word_1_218' title='bbox 995 2757 1051 2802; x_wconf 88' lang='lat' dir='ltr'>ade·</span> 
     </span>
     <span class='ocr_line' id='line_1_29' title="bbox 132 2824 1052 2892; baseline -0.009 -16"><span class='ocrx_word' id='word_1_219' title='bbox 132 2834 191 2892; x_wconf 84' lang='lat' dir='ltr'>ptus.</span> <span class='ocrx_word' id='word_1_220' title='bbox 205 2827 342 2890; x_wconf 82' lang='lat' dir='ltr'>Peptgeraat</span> <span class='ocrx_word' id='word_1_221' title='bbox 353 2826 417 2871; x_wconf 87' lang='lat' dir='ltr'>enim</span> <span class='ocrx_word' id='word_1_222' title='bbox 428 2838 483 2872; x_wconf 90' lang='lat' dir='ltr'>eum</span> <span class='ocrx_word' id='word_1_223' title='bbox 497 2824 548 2873; x_wconf 85' lang='lat' dir='ltr'>lore</span> <span class='ocrx_word' id='word_1_224' title='bbox 563 2838 654 2887; x_wconf 83' lang='lat' dir='ltr'>regem,</span> <span class='ocrx_word' id='word_1_225' title='bbox 675 2828 744 2874; x_wconf 83' lang='lat' dir='ltr'>cuiue</span> <span class='ocrx_word' id='word_1_226' title='bbox 759 2837 835 2883; x_wconf 89' lang='lat' dir='ltr'>equus</span> <span class='ocrx_word' id='word_1_227' title='bbox 850 2826 964 2871; x_wconf 84' lang='lat' dir='ltr'>orientem</span> <span class='ocrx_word' id='word_1_228' title='bbox 978 2824 1052 2869; x_wconf 85' lang='lat' dir='ltr'>solem</span> 
     </span>
     <span class='ocr_line' id='line_1_30' title="bbox 130 2892 465 2960; baseline -0.021 -13"><span class='ocrx_word' id='word_1_229' title='bbox 130 2901 217 2960; x_wconf 84' lang='lat' dir='ltr'>primus</span> <span class='ocrx_word' id='word_1_230' title='bbox 230 2895 345 2944; x_wconf 83' lang='lat' dir='ltr'>salutaret</span> <span class='ocrx_word' id='word_1_231' title='bbox 364 2892 465 2940; x_wconf 70' lang='lat' dir='ltr'>munna.</span> 
     </span>
    </p>

    <p class='ocr_par' dir='ltr' id='par_1_6' title="bbox 160 2957 1052 3026">
     <span class='ocr_line' id='line_1_31' title="bbox 160 2957 1052 3026; baseline -0.013 -13"><span class='ocrx_word' id='word_1_232' title='bbox 160 2966 190 3026; x_wconf 78' lang='lat' dir='ltr'>tlt</span> <span class='ocrx_word' id='word_1_233' title='bbox 210 2964 255 3022; x_wconf 77' lang='lat' dir='ltr'>Qui</span> <span class='ocrx_word' id='word_1_234' title='bbox 274 2973 326 3009; x_wconf 87' lang='lat' dir='ltr'>aum</span> <span class='ocrx_word' id='word_1_235' title='bbox 348 2960 454 3020; x_wconf 84' lang='lat' dir='ltr'>Europae</span> <span class='ocrx_word' id='word_1_236' title='bbox 475 2963 564 3021; x_wconf 87' lang='lat' dir='ltr'>partem</span> <span class='ocrx_word' id='word_1_237' title='bbox 584 2961 724 3022; x_wconf 88' lang='lat' dir='ltr'>incolerent,</span> <span class='ocrx_word' id='word_1_238' title='bbox 749 2960 865 3018; x_wconf 82' lang='lat' dir='ltr'>quaeest</span> <span class='ocrx_word' id='word_1_239' title='bbox 886 2958 948 3004; x_wconf 79' lang='lat' dir='ltr'>inter</span> <span class='ocrx_word' id='word_1_240' title='bbox 969 2957 1052 3002; x_wconf 83' lang='lat' dir='ltr'>latrum</span> 
     </span>
    </p>

    <p class='ocr_par' dir='ltr' id='par_1_7' title="bbox 131 3024 1054 3294">
     <span class='ocr_line' id='line_1_32' title="bbox 133 3024 1053 3095; baseline -0.009 -16"><span class='ocrx_word' id='word_1_241' title='bbox 133 3033 170 3095; x_wconf 76' lang='lat' dir='ltr'>(rt</span> <span class='ocrx_word' id='word_1_242' title='bbox 180 3032 287 3078; x_wconf 83' lang='lat' dir='ltr'>Danubio</span> <span class='ocrx_word' id='word_1_243' title='bbox 301 3024 308 3084; x_wconf 79' lang='lat' dir='ltr'>l</span> <span class='ocrx_word' id='word_1_244' title='bbox 321 3030 345 3076; x_wconf 82' lang='lat' dir='ltr'>et</span> <span class='ocrx_word' id='word_1_245' title='bbox 355 3028 467 3076; x_wconf 81' lang='lat' dir='ltr'>laxantem</span> <span class='ocrx_word' id='word_1_246' title='bbox 482 3030 594 3086; x_wconf 75' lang='lat' dir='ltr'>(onorat</span> <span class='ocrx_word' id='word_1_247' title='bbox 603 3031 621 3090; x_wconf 78' lang='lat' dir='ltr'>l,</span> <span class='ocrx_word' id='word_1_248' title='bbox 638 3042 666 3076; x_wconf 87' lang='lat' dir='ltr'>ac</span> <span class='ocrx_word' id='word_1_249' title='bbox 681 3031 705 3076; x_wconf 84' lang='lat' dir='ltr'>lu</span> <span class='ocrx_word' id='word_1_250' title='bbox 724 3029 813 3089; x_wconf 80' lang='lat' dir='ltr'>ptocotu</span> <span class='ocrx_word' id='word_1_251' title='bbox 830 3028 913 3072; x_wconf 74' lang='lat' dir='ltr'>lineato</span> <span class='ocrx_word' id='word_1_252' title='bbox 930 3038 995 3073; x_wconf 90' lang='lat' dir='ltr'>nunc</span> <span class='ocrx_word' id='word_1_253' title='bbox 1010 3037 1053 3086; x_wconf 86' lang='lat' dir='ltr'>ap·</span> 
     </span>
     <span class='ocr_line' id='line_1_33' title="bbox 131 3103 1054 3229; baseline -0.01 -14"><span class='ocrx_word' id='word_1_254' title='bbox 131 3103 193 3229; x_wconf 52' lang='lat' dir='ltr'>pag)</span> <span class='ocrx_word' id='word_1_255' title='bbox 206 3169 282 3226; x_wconf 77' lang='lat' dir='ltr'>Quem</span> <span class='ocrx_word' id='word_1_256' title='bbox 296 3164 427 3220; x_wconf 77' lang='lat' dir='ltr'>Danubium</span> <span class='ocrx_word' id='word_1_257' title='bbox 439 3165 511 3211; x_wconf 87' lang='lat' dir='ltr'>etiarn</span> <span class='ocrx_word' id='word_1_258' title='bbox 525 3167 621 3226; x_wconf 79' lang='lat' dir='ltr'>veterae,</span> <span class='ocrx_word' id='word_1_259' title='bbox 633 3177 712 3212; x_wconf 84' lang='lat' dir='ltr'>rerum</span> <span class='ocrx_word' id='word_1_260' title='bbox 722 3165 746 3211; x_wconf 91' lang='lat' dir='ltr'>ln</span> <span class='ocrx_word' id='word_1_261' title='bbox 754 3163 874 3223; x_wconf 84' lang='lat' dir='ltr'>superiore</span> <span class='ocrx_word' id='word_1_262' title='bbox 887 3162 975 3208; x_wconf 85' lang='lat' dir='ltr'>tantum</span> <span class='ocrx_word' id='word_1_263' title='bbox 986 3162 1054 3222; x_wconf 85' lang='lat' dir='ltr'>parte</span> 
     </span>
     <span class='ocr_line' id='line_1_34' title="bbox 132 3232 395 3294; baseline -0.023 -10"><span class='ocrx_word' id='word_1_264' title='bbox 132 3237 253 3294; x_wconf 79' lang='lat' dir='ltr'>fluentem,</span> <span class='ocrx_word' id='word_1_265' title='bbox 267 3232 395 3293; x_wconf 86' lang='lat' dir='ltr'>appeliant.</span> 
     </span>
    </p>

    <p class='ocr_par' dir='ltr' id='par_1_8' title="bbox 132 3299 1056 3556">
     <span class='ocr_line' id='line_1_35' title="bbox 162 3299 1055 3364; baseline -0.01 -14"><span class='ocrx_word' id='word_1_266' title='bbox 162 3304 193 3364; x_wconf 80' lang='lat'>(6)</span> <span class='ocrx_word' id='word_1_267' title='bbox 203 3302 340 3350; x_wconf 84' lang='lat' dir='ltr'>Provinciae</span> <span class='ocrx_word' id='word_1_268' title='bbox 353 3302 408 3347; x_wconf 87' lang='lat' dir='ltr'>suut</span> <span class='ocrx_word' id='word_1_269' title='bbox 421 3301 487 3348; x_wconf 81' lang='lat' dir='ltr'>istae</span> <span class='ocrx_word' id='word_1_270' title='bbox 501 3301 606 3360; x_wconf 88' lang='lat' dir='ltr'>minoris,</span> <span class='ocrx_word' id='word_1_271' title='bbox 618 3301 685 3348; x_wconf 86' lang='lat' dir='ltr'>iuxta</span> <span class='ocrx_word' id='word_1_272' title='bbox 699 3312 764 3347; x_wconf 89' lang='lat' dir='ltr'>oram</span> <span class='ocrx_word' id='word_1_273' title='bbox 778 3301 846 3346; x_wconf 88' lang='lat' dir='ltr'>maris</span> <span class='ocrx_word' id='word_1_274' title='bbox 862 3299 952 3358; x_wconf 80' lang='lat' dir='ltr'>legael,</span> <span class='ocrx_word' id='word_1_275' title='bbox 967 3309 1055 3354; x_wconf 82' lang='lat' dir='ltr'>agrae·</span> 
     </span>
     <span class='ocr_line' id='line_1_36' title="bbox 133 3366 1056 3429; baseline -0.013 -9"><span class='ocrx_word' id='word_1_276' title='bbox 133 3375 166 3420; x_wconf 88' lang='lat' dir='ltr'>cis</span> <span class='ocrx_word' id='word_1_277' title='bbox 176 3370 279 3420; x_wconf 79' lang='lat' dir='ltr'>coloniis</span> <span class='ocrx_word' id='word_1_278' title='bbox 292 3368 409 3415; x_wconf 88' lang='lat' dir='ltr'>laniorum</span> <span class='ocrx_word' id='word_1_279' title='bbox 423 3370 448 3414; x_wconf 90' lang='lat' dir='ltr'>et</span> <span class='ocrx_word' id='word_1_280' title='bbox 461 3367 610 3415; x_wconf 76' lang='lat' dir='ltr'>Aeolidarum</span> <span class='ocrx_word' id='word_1_281' title='bbox 629 3369 771 3429; x_wconf 88' lang='lat' dir='ltr'>occupatae,</span> <span class='ocrx_word' id='word_1_282' title='bbox 791 3368 914 3428; x_wconf 86' lang='lat' dir='ltr'>postquam</span> <span class='ocrx_word' id='word_1_283' title='bbox 934 3366 1056 3410; x_wconf 78' lang='lat' dir='ltr'>Dorienses</span> 
     </span>
     <span class='ocr_line' id='line_1_37' title="bbox 133 3432 1055 3498; baseline -0.012 -10"><span class='ocrx_word' id='word_1_284' title='bbox 133 3443 157 3488; x_wconf 89' lang='lat' dir='ltr'>at</span> <span class='ocrx_word' id='word_1_285' title='bbox 168 3437 304 3489; x_wconf 76' lang='lat' dir='ltr'>Heruolidae</span> <span class='ocrx_word' id='word_1_286' title='bbox 320 3437 514 3498; x_wconf 77' lang='lat' dir='ltr'>Peloponnesum,</span> <span class='ocrx_word' id='word_1_287' title='bbox 528 3436 622 3483; x_wconf 85' lang='lat' dir='ltr'>turbata</span> <span class='ocrx_word' id='word_1_288' title='bbox 635 3438 718 3497; x_wconf 86' lang='lat' dir='ltr'>priscis</span> <span class='ocrx_word' id='word_1_289' title='bbox 738 3435 868 3483; x_wconf 85' lang='lat' dir='ltr'>cultoribus</span> <span class='ocrx_word' id='word_1_290' title='bbox 883 3436 972 3493; x_wconf 88' lang='lat' dir='ltr'>ubique</span> <span class='ocrx_word' id='word_1_291' title='bbox 986 3432 1055 3492; x_wconf 84' lang='lat' dir='ltr'>aede,</span> 
     </span>
     <span class='ocr_line' id='line_1_38' title="bbox 132 3506 820 3556; baseline -0.01 0"><span class='ocrx_word' id='word_1_292' title='bbox 132 3508 265 3556; x_wconf 70' lang='lat' dir='ltr'>branconi</span> <span class='ocrx_word' id='word_1_293' title='bbox 275 3517 341 3553; x_wconf 88' lang='lat' dir='ltr'>anno</span> <span class='ocrx_word' id='word_1_294' title='bbox 355 3507 408 3553; x_wconf 88' lang='lat' dir='ltr'>anta</span> <span class='ocrx_word' id='word_1_295' title='bbox 423 3506 540 3554; x_wconf 83' lang='lat' dir='ltr'>christum</span> <span class='ocrx_word' id='word_1_296' title='bbox 552 3506 631 3552; x_wconf 89' lang='lat' dir='ltr'>natum</span> <span class='ocrx_word' id='word_1_297' title='bbox 644 3506 716 3553; x_wconf 84' lang='lat' dir='ltr'>terme</span> <span class='ocrx_word' id='word_1_298' title='bbox 731 3516 820 3553; x_wconf 79' lang='lat' dir='ltr'>ucxsrr.</span> 
     </span>
    </p>
   </div>
   <div class='ocr_carea' id='block_1_4' title="bbox 0 0 1244 3938">
    <p class='ocr_par' dir='ltr' id='par_1_9' title="bbox 0 0 1244 3938">
     <span class='ocr_line' id='line_1_39' title="bbox 0 0 1244 3938; baseline 0 0"><span class='ocrx_word' id='word_1_299' title='bbox 0 0 1244 3938; x_wconf 95' lang='lat' dir='ltr'> </span> 
     </span>
    </p>
   </div>
  </div>
 </body>
</html>
