2452 3938
505 263 676 311 tremuere
1014 250 1050 313 5l

122 355 335 432 deiicerentnr,
355 364 472 436 praeter
489 375 603 434 unum,
620 357 672 438 qui
694 362 763 418 ante
782 354 902 419 ianuam
920 356 1053 421 Andoci-

121 453 169 516 dis
187 461 262 515 erat.
281 451 385 534 Itaque
405 452 455 514 ille
474 461 576 533 postea
594 451 941 530 llercnriusybndocidis
969 455 1053 516 roci·

121 558 200 613 latus
218 557 274 612 est.
294 549 357 612 Hoc
379 567 447 611 cum
469 559 625 631 appareret
643 569 702 612 nou
721 550 786 612 siue
806 568 911 628 magna
939 551 1051 614 multo-

121 665 189 710 rum
208 648 405 709 consensione
423 664 488 709 esse
508 647 632 724 lactum,
661 649 740 729 quod
760 666 818 709 non
838 648 873 709 ad
892 647 1048 728 privatam,

121 745 173 813 sed
192 744 230 806 ad
248 745 399 824 publicam
427 761 491 807 rem
510 737 695 825 pertineret,
724 762 846 821 magnus
866 743 1049 806 multitudini

123 840 213 902 timor
232 850 277 902 est
305 841 454 917 iniectus,
484 857 599 921 nequa
627 842 784 921 repentina
809 840 908 901 visin
933 840 1051 902 civitate

122 938 287 1013 exsisteret,
309 954 386 1018 quae
397 936 564 998 libertatem
584 938 764 1018 opprimeret
778 937 891 1018 populi.
906 935 968 999 Hoc
985 955 1051 999 ma·

120 1037 199 1098 xime
218 1035 378 1097 conuenire
399 1035 431 1095 in
450 1034 634 1097 Alcibiadem
661 1034 829 1106 ridebatur,
852 1036 931 1116 quod
949 1042 978 1097 el
993 1054 1050 1117 po-

123 1133 234 1197 tentior
251 1141 281 1194 ct
299 1132 406 1208 maior,
423 1151 511 1213 quam
531 1130 674 1211 privatus,
694 1132 929 1193 existimabatur.
944 1128 1050 1196 Multos

124 1230 202 1293 enim
233 1229 412 1291 liberalitate
441 1229 631 1304 devinxerat,
651 1229 752 1309 plures
776 1228 865 1291 eliam
895 1247 986 1309 opera
1002 1230 1016 1290 f
1035 1265 1051 1277 -

123 1326 202 1389 rensi
220 1326 269 1406 (l)
292 1344 361 1387 suos
380 1324 561 1387 reddiderat.
592 1322 691 1395 Quare
715 1323 826 1401 fiebat,
854 1332 888 1387 ut
915 1325 1052 1387 omniurn

125 1424 238 1499 nculns,
251 1424 497 1504 quotiescumque
508 1423 541 1483 in
554 1421 705 1503 pubiicum
717 1421 876 1504 prodisset,
891 1421 927 1484 ad
942 1440 974 1484 se
986 1440 1055 1484 cen.

123 1531 260 1595 verteret,
285 1539 382 1600 neque
398 1519 426 1581 ei
443 1537 498 1600 par
516 1520 673 1601 quisquam
689 1519 720 1580 in
738 1519 856 1581 civitate
875 1530 1049 1601 poneretur.

123 1617 226 1699 ltaque
246 1636 306 1678 non
325 1618 421 1678 solum
437 1616 469 1677 in
484 1635 519 1678 eo
538 1635 620 1697 spem
641 1615 791 1678 babebant
810 1617 982 1694 maximam,
999 1618 1052 1680 sed

126 1716 214 1778 etiam
230 1715 383 1789 timorem,
409 1714 487 1795 quod
506 1723 535 1775 et
554 1713 659 1775 obesse
677 1713 838 1794 plurimum
862 1724 891 1776 el
909 1715 1052 1796 prodesse

125 1820 241 1892 poterat
256 1811 315 1892 (⁶2).
337 1810 555 1892 dispergebatur
570 1811 660 1873 etiam
671 1810 806 1887 infamia,
823 1812 900 1891 quod
916 1813 946 1872 in
963 1813 1051 1875 domo

126 1928 180 1972 sua
206 1910 304 1971 lacere
337 1908 475 1988 mysteria
499 1907 547 1988 (3)
577 1907 751 1985 dicebatur3
777 1910 855 1989 quod
887 1908 970 1970 nelas
989 1920 1052 1970 erat

129 2024 211 2067 mor-e
229 2003 467 2067 Atheniensium:
490 2004 579 2084 idque
594 2022 654 2066 non
673 2005 710 2066 ad
729 2005 917 2083 religionem,
937 2005 988 2066 sed
1015 2007 1051 2067 ad

130 2101 367 2164 coniurationem
385 2100 535 2182 pertinere
557 2101 791 2163 existimabatur.

166 2197 216 2262 IV.
242 2198 303 2261 Hoc
330 2199 456 2260 crimine
472 2198 504 2260 in
522 2198 665 2260 concione
684 2198 721 2260 ab
740 2197 870 2259 inimicis
888 2198 1052 2278 compella-

127 2294 226 2359 batur.
244 2293 302 2358 Sed
321 2296 449 2358 instabat
466 2304 584 2377 tempus
601 2297 638 2357 ad
651 2295 761 2358 bellum
779 2295 996 2378 proficiscendi.
1020 2295 1051 2358 ld

86 2439 90 2447 .
129 2392 177 2457 ille
199 2395 332 2471 intuens,
352 2413 451 2475 nequo
467 2393 607 2472 ignorans
627 2393 735 2455 civium
753 2410 874 2454 suorum
894 2403 1051 2455 consuetu·

130 2491 244 2567 dinem,
264 2491 445 2572 postulabat,
459 2501 504 2569 nt,
517 2492 542 2553 si
561 2491 634 2572 quid
649 2492 685 2553 de
700 2510 732 2553 ee
749 2491 797 2569 agi
813 2491 933 2567 vellent,
953 2491 1051 2573 potins

128 2679 152 2725 lu
165 2677 273 2725 interiori
285 2679 349 2736 parte
361 2678 503 2736 quadratae,
522 2691 581 2737 quae
596 2679 620 2724 in
636 2681 710 2739 agris,
726 2681 833 2738 compitis
849 2680 872 2726 el
894 2679 988 2725 aedium
1009 2692 1050 2725 ve·

128 2747 232 2806 silbulln,
248 2746 386 2806 lllpparcus,
399 2747 507 2793 Pisistrati
519 2747 588 2807 tillus,
605 2749 661 2806 pont
676 2749 804 2806 curaverat,
814 2738 869 2792 cuni
880 2746 991 2792 brevibus
1000 2758 1052 2792 nen·

129 2815 216 2876 tentib,
227 2826 289 2872 quae
304 2815 367 2861 cirea
382 2814 512 2862 honestatis
527 2818 550 2862 el
565 2817 660 2872 regulae
675 2815 835 2861 admouerent.

154 2884 190 2942 (l)
204 2886 285 2942 Quum
300 2893 383 2929 eorum
393 2895 485 2928 caussas
499 2883 593 2928 orasset.

155 2952 187 3011 (2)
204 2951 273 3009 Qurd
289 2961 344 2995 vero
359 2951 516 3008 ostracismus,
532 2952 653 3009 postquam
664 2961 693 2994 eo
703 2948 847 3007 Hyperbolus
857 2950 881 2995 in
889 2946 993 2994 exsilium
1005 2949 1051 2995 ele-

130 3020 179 3067 clus
192 3022 238 3078 est,
251 3018 395 3079 exolevissel,
410 3017 489 3076 tiebat,
506 3020 599 3063 utrum
614 3029 662 3063 non
678 3019 724 3062 lam
740 3019 841 3074 insigues
856 3016 879 3062 el
893 3015 994 3062 libertati
1004 3015 1050 3063 lor·

131 3088 257 3134 midoloeoe
268 3089 328 3133 cives
342 3099 369 3133 ea
383 3089 434 3145 lege
450 3087 564 3147 expellere
583 3087 686 3146 possent,
701 3088 814 3132 cresceret
831 3088 853 3132 ln
870 3086 963 3131 civitate
978 3098 1050 3132 nova·

131 3167 180 3201 rum
196 3167 276 3203 rerum
291 3156 366 3202 melus
378 3157 402 3202 et
415 3166 479 3201 cura.
764 3158 766 3162 '

160 3223 190 3282 (ὅ)
207 3220 310 3280 intellige
327 3221 378 3270 κατ’
392 3223 472 3283 ἐξοχὴν
485 3221 572 3267 Geroda
586 3221 710 3280 mysterla,
727 3233 788 3280 quae
802 3222 825 3267 in
840 3221 899 3267 urbe
913 3221 992 3267 Eleusi
1006 3233 1050 3266 uo·

132 3291 216 3337 clurno
232 3292 335 3350 tempore
346 3290 534 3346 celebrarentur,
547 3288 637 3335 indlclo
651 3291 687 3349 iis,
702 3290 742 3346 qui
756 3289 842 3334 initiati
855 3285 967 3348 luissent,
982 3291 1050 3335 silon·

132 3357 176 3418 lio,
191 3359 236 3405 nisi
251 3355 315 3404 nefas
329 3357 467 3404 contrahere
487 3358 584 3404 vellent:
607 3357 647 3402 sed
662 3356 774 3403 Alcibiadi
789 3357 875 3402 borum
890 3357 1050 3415 mysteriorum

133 3424 253 3483 imaginem
276 3425 339 3470 domi
360 3422 431 3470 luisse
447 3425 599 3486 obilclebant,
616 3437 662 3471 non
680 3427 725 3470 um
741 3424 861 3481 religionis
875 3425 962 3483 gralia,
978 3435 1051 3482 quarn

133 3495 197 3552 quod
211 3494 271 3540 illud
286 3494 323 3540 rel
337 3492 367 3539 ad
379 3494 563 3540 coniurationem
579 3495 696 3553 pertinere
711 3493 832 3552 putabunt.
