2452 3938
130 245 192 312 lOl
491 263 696 312 ariumonnrs

131 377 202 440 pum
222 365 344 437 uatum,
364 356 438 440 qni,
457 376 524 420 cnm
543 367 659 439 patrem
677 376 762 421 snum
786 358 1000 440 interfecisset,
1021 382 1058 428 cr

132 463 226 518 matre
243 454 354 517 liberos
372 463 566 536 procreasset:
588 455 635 518 hic
652 455 683 518 in
706 458 912 539 respondendo
930 458 1060 540 Epami·-

130 554 257 629 nondas,
277 571 344 614 cnm
367 551 404 614 de
430 552 536 614 ceteris
555 555 744 635 perorasset,
763 564 920 637 postquam
938 557 976 620 ad
1003 557 1063 622 ilia

129 650 188 711 dno
215 646 376 730 opprobria
398 648 549 729 pervenitt
571 651 720 715 admirari
732 669 773 728 sc,
797 651 880 729 dixit,
896 653 1060 718 stultitiam

129 747 255 810 rhetorio
270 745 362 820 attici,
379 744 431 824 qni
451 763 513 807 non
531 747 778 812 animaduerteret
801 750 972 814 innocentes
987 752 1060 816 illos

129 851 226 920 notos,
245 843 325 906 domi
338 843 443 906 scelere
459 844 598 919 admisso,
619 863 686 908 cnm
696 847 800 926 potn‘o
813 856 906 910 essent
923 850 1058 929 enpnlsl,

127 948 254 1022 receptos
270 958 330 1003 esse
357 940 393 1003 nh
414 940 644 1006 Atheniensibus
668 942 728 1024 (t).
758 941 816 1006 Sed
839 945 967 1008 maxime
988 946 1061 1012 eius

127 1037 297 1120 eloquentia
312 1037 402 1099 eluxit
420 1020 555 1118 Spa'rtae,
576 1039 665 1119 iegati
691 1047 760 1103 ante
782 1058 911 1123 pugnam
927 1042 1060 1107 leuctri-

127 1155 205 1200 cam.
224 1134 288 1208 Quo
307 1154 375 1198 cnm
396 1136 529 1198 omnium
546 1137 696 1200 sociorum
716 1137 763 1220 (2)
779 1139 988 1204 convenissent
1006 1142 1059 1206 le·

125 1235 197 1314 gati,
211 1252 310 1298 coram
325 1233 567 1316 frequentissimo
578 1235 760 1314 legationum
776 1237 924 1300 conventu
938 1237 982 1300 sic
992 1237 1058 1302 La-

126 1333 387 1396 cedaemoniorum
408 1331 592 1411 tyrannidem
617 1332 769 1412 coarguit,
800 1342 834 1396 ut
861 1332 920 1397 non
952 1336 1058 1402 minus

123 1430 176 1492 ilia
201 1429 334 1492 oratione
358 1446 430 1508 opes
459 1445 563 1489 eorum
586 1429 770 1491 concusserit
798 1449 887 1512 qnam
910 1432 1058 1498 leuctrica

123 1545 233 1609 pugna.
247 1524 323 1586 ‘lum
339 1524 419 1585 enim
435 1522 570 1603 perfecit,
590 1525 670 1605 qnod
688 1535 756 1606 post
777 1529 935 1610 apparuit,
946 1538 980 1592 nt
994 1550 1056 1595 au·
1111 1566 1118 1601 ,-·

125 1624 195 1686 xiiio
216 1622 364 1684 sociorum
383 1619 613 1682 Lacedaemonii
623 1621 825 1702 privarentur.

164 1717 227 1782 vii.
247 1718 351 1780 Fuisse
365 1718 539 1799 patientem,
556 1734 737 1799 suorumque
757 1719 882 1783 iniurias
901 1722 1051 1789 ferentem

123 1816 245 1893 civium,
265 1815 346 1896 qnod
361 1834 393 1878 se
408 1813 522 1896 patriae
536 1813 625 1877 irasci
647 1815 730 1878 netas
749 1830 814 1880 esse
829 1817 963 1898 duceret,
976 1821 1055 1886 hacc
1082 1818 1085 1823 ’

123 1922 193 1977 sunt
211 1911 391 1976 testimonia.
418 1911 490 1975 Cum
516 1930 608 1989 enm,
637 1920 757 1994 propter
782 1913 943 1995 insidiam,
970 1918 1054 1982 cives

122 2011 284 2094 praeficere
301 2009 444 2072 exercitui
466 2008 514 2091 (3)
536 2008 728 2086 noluissent,
750 2009 871 2092 dunque
891 2020 971 2076 esset
994 2015 1052 2080 de-

34 2084 41 2182 f
122 2109 217 2172 lectus
244 2107 314 2170 belli
332 2106 509 2188 imperitus,
537 2105 621 2169 cuius
646 2124 751 2170 errore
768 2125 805 2170 eo
823 2117 901 2171 esset
920 2109 1052 2176 deducta

109 2192 173 2269 ¹illa
191 2205 349 2268 multitudo
364 2203 505 2281 militum,
521 2211 555 2266 nt
568 2221 672 2267 omnes
687 2202 724 2266 de
744 2205 841 2268 salute
856 2206 1052 2287 pertimesce·

121 2310 200 2380 rent,
230 2302 321 2385 qnod,
343 2303 475 2365 locorum
490 2300 633 2379 angustiis
651 2301 756 2378 eleusi,
777 2302 814 2364 ab
834 2301 970 2368 hostibus
988 2305 1048 2368 ob-

122 2399 309 2477 sidebantur,
326 2400 490 2463 desiderari
504 2407 608 2480 coepta
620 2407 664 2462 est
674 2399 898 2480 Epaminondae
916 2402 1050 2485 diligen·

153 2612 184 2670 tl)
199 2612 324 2672 Postquam
350 2614 470 2674 oedipus,
495 2614 549 2661 tetri
566 2616 602 2660 sui
616 2613 725 2662 iecinorts
740 2615 884 2675 incensatus,
897 2624 997 2673 regnum
1012 2615 1050 2660 est

123 2680 234 2743 adeptus,
259 2682 358 2729 Deorum
379 2685 413 2728 ira
432 2683 517 2728 Thebis
539 2682 668 2743 pestilentia
690 2682 742 2728 oris
756 2683 804 2742 est3
824 2683 891 2729 cuius
906 2680 1050 2730 avertendas

123 2759 265 2796 causacum
280 2749 412 2796 consultum
428 2749 556 2809 oraculum,
572 2750 596 2794 et
610 2747 707 2794 inianda
722 2750 800 2796 omnia
814 2750 891 2795 essent
901 2750 992 2809 aperte,
1011 2750 1050 2796 io·

121 2819 185 2865 carn
199 2820 269 2865 sitam
295 2817 422 2878 suspendio
436 2819 519 2869 finivit.
534 2817 636 2877 Oedipus
651 2817 779 2863 excaecatls
799 2816 927 2863 luminibus
945 2827 1051 2863 cnsere-

122 2888 207 2945 tusqne
222 2885 331 2946 profugit,
345 2886 421 2932 donec
437 2885 529 2932 sinonis
543 2884 658 2942 consedit,
673 2885 828 2943 expiatusque
842 2885 883 2944 est,
901 2894 951 2941 quo
964 2884 1049 2944 postea

123 2956 148 3001 in
163 2955 227 3019 asylo
242 2954 364 3002 Alcmaeon
386 2955 455 3000 eliam
470 2955 491 2999 et
509 2953 600 2999 Orestes
619 2950 757 3010 coningere,
776 2962 790 2996 a
810 2953 890 2996 nostro
909 2961 981 3009 supra
996 2962 1048 2996 me·

123 3024 216 3069 morati.
230 3046 260 3058 -
269 3023 384 3083 Ceterum,
399 3021 464 3080 quod
479 3021 508 3067 ed
520 3021 664 3079 huiusmodi,
676 3020 832 3079 sophtstnrum
848 3019 957 3079 propris,
977 3030 1049 3076 argu·

124 3091 202 3136 menta
216 3091 330 3149 pertinet,
348 3103 362 3136 a
378 3089 506 3135 Callistrato
520 3088 598 3145 adata,
613 3098 698 3146 operae
718 3087 817 3147 pretium
829 3086 863 3132 est
877 3084 1048 3132 animadverte·

123 3167 158 3215 re,
180 3156 224 3203 uhi
246 3160 293 3205 iem
315 3159 361 3204 loct
376 3157 549 3203 Atheniensium
562 3155 697 3213 eloquentia
710 3167 761 3201 esse
777 3157 833 3200 tunc
847 3154 967 3213 temporis,
980 3154 1047 3198 snm·

123 3234 194 3281 quam
208 3237 296 3286 rursus,
311 3223 473 3271 Demosthenis
488 3235 568 3283 opera,
585 3223 615 3269 ad
626 3232 757 3279 murenam
772 3221 836 3266 iilam
850 3222 875 3267 el
889 3230 982 3278 gravem
1003 3219 1046 3266 Ρο-

122 3291 187 3338 siclis
202 3295 270 3350 atque
285 3294 389 3339 veterum
401 3294 513 3338 rationem
528 3292 711 3338 converteretur.

153 3358 184 3416 (2)
196 3360 283 3420 Nempe
298 3363 440 3420 Argivorum,
455 3359 565 3406 Eleorum
577 3361 601 3407 et
615 3359 735 3406 Amadum.

154 3428 184 3482 (ὅ)
210 3429 294 3474 Contra
315 3430 481 3487 Alexandrum,
502 3428 629 3475 Pherernm
644 3430 778 3487 tyrannum,
791 3425 834 3486 qui
848 3426 981 3486 Pelopidam
996 3425 1047 3473 sin·

120 3498 181 3546 entis
193 3498 358 3559 interceperat.
