2452 3938
202 260 263 323 l'ld
449 281 535 322 rarus
560 276 726 322 nonrourus
747 276 870 324 arrrcus

124 421 126 425 s
151 425 153 429 .
199 371 296 434 locum
317 370 364 452 (l)
384 369 519 432 obtinere
536 377 646 450 posset.
666 367 731 432 Non
757 371 968 436 enimdecere
986 389 1018 434 se
1037 371 1120 435 arbi-

134 478 190 523 uer
200 467 344 544 trahatur,
356 485 422 529 cum
434 474 602 547 praeturam
613 483 715 544 gerere
730 467 884 546 noluisset,
896 469 1045 534 asseclam
1056 487 1120 533 esse

186 552 355 646 ‘praetoris
384 562 447 635 Qua
475 563 506 624 in
530 581 563 625 re
590 581 650 625 non
671 564 774 626 ¹solum
798 564 933 643 dignitati
959 565 1120 649 seruiebat,

197 661 251 725 sed
269 661 357 723 etiam
373 659 591 740 tranquillitati,
615 678 682 722 cum
701 660 885 742 suspiciones
903 680 1023 744 quoque
1043 664 1120 728 rita-

197 766 242 820 ret
258 757 429 820 criminum:
447 775 505 838 quo
528 757 628 832 lrelrat,
648 765 680 819 ut
698 758 762 819 eius
781 756 967 822 observantia
984 760 1033 841 (2)
1053 779 1118 825 om·

197 853 286 916 nibus
303 862 381 916 esset
392 853 500 931 carior,
516 871 584 916 curn
599 871 666 916 eam
685 854 793 932 officio,
810 873 871 918 non
887 856 999 934 timori,
1022 875 1119 941 neque

197 950 260 1032 spei
280 950 369 1014 tribui
387 950 531 1013 riderent.

132 1081 190 1128 ΜΩ
238 1045 301 1110 llll.
316 1046 422 1110 Incidit
439 1047 644 1111 caesarianum
659 1046 744 1110 civile
765 1047 887 1125 bellum,
909 1065 977 1110 curn
995 1049 1119 1115 haberet

98 1197 105 1211 .
197 1163 291 1208 annos
305 1144 424 1207 circiter
441 1145 600 1223 sexaginta.
620 1142 697 1207 Usus
712 1152 756 1207 est
774 1145 878 1206 aetatis
890 1145 1044 1209 vacatione
1056 1149 1116 1229 (3),

197 1260 293 1324 neque
312 1260 459 1323 quoquam
480 1241 570 1304 movit
588 1261 624 1304 ex
640 1240 731 1304 urhe:
748 1239 829 1313 Quae
846 1241 949 1309 amicis
967 1243 1029 1305 suis
1045 1263 1118 1325 opus

195 1339 314 1402 fuerant
336 1340 373 1401 ad
398 1338 573 1420 Pompeium
592 1338 865 1420 proficiscentibus,
887 1339 988 1401 omnia
1005 1357 1044 1401 ex
1064 1359 1118 1403 sua

195 1440 229 1498 'rc
240 1435 377 1498 familiari
388 1436 480 1497 dedit.
494 1434 594 1516 Ipsum
609 1432 783 1515 Pompeium
798 1435 856 1496 sibi
869 1435 1117 1516 coniunctum(l)

196 1551 256 1595 non
281 1532 414 1595 offendit.
434 1531 553 1593 Nullum
577 1531 655 1593 enim
674 1530 711 1593 ab
740 1550 775 1594 eo
808 1530 939 1595 habebat
955 1550 1117 1595 ornamen-

196 1637 282 1705 tum,
300 1637 334 1690 ut
347 1628 450 1706 ceteri,
471 1627 523 1709 qui
544 1644 596 1709 per
613 1646 681 1691 eum
702 1637 753 1691 aut
771 1629 911 1709 honores,
930 1638 982 1691 aut
999 1629 1117 1692 divitias

197 1734 347 1806 ceperant:
363 1743 487 1806 quorum
507 1725 613 1806 partim
628 1726 795 1804 invitissimi
811 1734 905 1789 castra
920 1735 989 1789 sunt
1007 1725 1114 1801 secuti,

197 1823 302 1902 partim
321 1841 438 1886 summa
456 1841 522 1884 cum
537 1824 602 1886 eius
617 1823 780 1886 offensione
798 1824 879 1886 domi
893 1836 1114 1890 remanserunt.

132 1919 283 1983 ettlttici
300 1927 400 1982 autem
422 1919 507 2001 quies
524 1927 676 2000 tantopere
694 1917 810 1982 Caesari
828 1919 884 1982 luit
900 1928 994 1998 grata,
1015 1928 1050 1983 ut
1069 1923 1116 1984 vi-

196 2027 270 2098 ctor,
299 2035 366 2079 cum
394 2017 515 2098 priuatis
540 2016 681 2098 pecunias
705 2034 757 2097 per
775 2016 916 2098 epistolas
943 2016 1114 2098 imperaret,

179 2115 266 2178 ''huic
281 2134 341 2178 non
355 2115 450 2178 solum
469 2114 610 2176 molestus
626 2133 686 2175 nou
705 2113 806 2191 luerit,
827 2114 878 2177 sed
897 2112 987 2176 etiarn
1005 2112 1115 2177 sororis

195 2213 347 2276 lilium-et
374 2209 515 2283 Quintum
541 2209 711 2274 Ciceronem
727 2211 774 2293 (5)
801 2229 836 2274 ex
852 2209 987 2291 Pompeii
1011 2212 1114 2273 castris

197 2308 386 2371 concesserit.
408 2306 456 2370 Sic
473 2317 572 2370 uetere
596 2307 730 2368 instituto
753 2305 830 2370 uitae
848 2306 950 2385 effugit
967 2326 1042 2370 noua
1060 2327 1114 2389 pe-

196 2405 302 2467 ricula.
347 2430 349 2436 ’

100 2524 103 2529 ·
133 2524 190 2570 aaa
237 2498 312 2563 Vlll.
339 2499 478 2579 Secutum
502 2509 547 2563 est
567 2499 639 2562 illud
666 2500 725 2582 (6).
756 2497 859 2562 Occiso
878 2499 1023 2579 Caesare,
1047 2504 1119 2564 cum'

197 2597 365 2680 respublica
387 2617 477 2680 penes
495 2597 600 2660 Brutos
610 2599 662 2679 (l)
674 2599 821 2661 uideretur
839 2617 903 2662 esse
918 2606 948 2662 et
969 2596 1114 2675 Cassium,

197 2715 232 2759 ac
246 2704 307 2760 tota
325 2696 426 2759 ciuitas
443 2715 475 2759 se
493 2696 529 2758 ad
548 2713 599 2758 eos
628 2695 835 2773 convertisset3
856 2695 899 2757 sic
915 2694 1010 2757 ldarco
1025 2694 1115 2757 Bruto

197 2813 269 2858 usus
281 2846 284 2852 .
295 2802 356 2874 est,
375 2802 409 2858 ut
426 2794 505 2858 nullo
525 2792 576 2856 ille
593 2793 764 2858 adolescens
782 2793 899 2874 aequali
916 2791 1114 2869 familiarius,

226 3019 258 3079 (l)
266 3021 334 3068 ttat=
350 3021 384 3066 Lu
395 3025 472 3067 curtcu
483 3023 671 3078 dtluopoteaente

228 3089 259 3149 (2)
269 3090 388 3149 tdodsstta,
398 3090 550 3148 temperantia
562 3089 591 3134 ab
603 3089 737 3135 ambitione.

227 3157 284 3214 (ott
298 3156 386 3202 militia.
609 3172 611 3176 ·

228 3225 260 3280 (l)
272 3226 326 3270 Nam
341 3227 438 3271 coecilia
453 3237 517 3284 gens,
530 3223 560 3269 ad
575 3236 646 3282 quam
657 3224 785 3269 maternum
800 3233 874 3278 genus
889 3221 1031 3281 Pomponius
1047 3218 1118 3267 celer·

199 3295 243 3350 ret,
257 3290 341 3337 adfinis
352 3293 401 3337 erat
415 3292 542 3351 corneliae,
557 3305 586 3340 ex
600 3303 647 3350 qua
663 3291 785 3350 Pompeius
799 3290 897 3337 duxerat
912 3301 1019 3337 uxorem.

228 3359 259 3415 (ὅ)
276 3359 363 3404 Patrem
375 3361 435 3406 eius.

230 3426 261 3483 ld)
275 3426 334 3470 ltal:
351 3425 457 3472 Vennero
472 3427 547 3484 pueplt
559 3427 618 3472 ultrl
633 3429 710 3484 templ.

228 3496 260 3554 (7)
277 3496 378 3543 Murcum
394 3497 418 3542 et
429 3496 548 3542 Decimum
560 3497 665 3544 Brutum.
