2452 3938
206 250 248 313 80
560 264 733 312 laurentius

206 355 383 438 intercepit:
405 356 483 439 quod
501 359 627 419 maxime
645 364 707 418 tota
724 355 906 420 celebratum
930 365 976 420 est
994 355 1127 421 Graecia.

206 453 315 516 lterum
335 453 438 517 eodem
460 453 537 516 bello
555 472 658 515 omnes
683 454 783 535 copias
801 473 904 516 eorum
923 454 1055 532 ingerit:
1075 472 1128 536 qno

160 576 168 593 ·
205 552 283 612 sacto
296 568 433 628 magnam
446 550 570 631 adeptus
591 558 636 612 est
648 550 784 628 gloriam.
801 549 872 613 Cum
893 548 1071 613 Artaxerxes
1086 551 1128 632 (t)

205 647 339 728 aegyptio
359 646 420 725 regi
437 646 549 709 beilum
577 647 686 708 inferre
713 642 876 724 voluisset,
896 646 1076 728 iphicratem
1095 648 1129 710 ab

204 743 435 806 Atheniensibus
449 743 551 823 petivit
565 743 683 819 ducem,
700 761 788 823 quern
803 743 977 824 praeficeret
988 743 1129 807 exercitui

205 839 409 916 conductitio,
441 839 526 901 cuius
555 858 697 902 numerus
725 839 889 902 duodecim.
910 839 1038 902 millium
1063 842 1128 905 tuit.

204 933 298 1006 Quem
311 935 432 1017 quidem
449 937 492 998 sic
510 937 591 998 omni
611 936 768 1016 disciplina
795 936 916 998 militari
935 937 1076 1017 erudivit,
1099 948 1129 1003 ut
1152 974 1155 979 ·

204 1032 455 1112 quemadmodum
489 1033 638 1114 quondam
668 1031 792 1094 Fabiani
812 1024 859 1115 (i)
882 1033 992 1096 milites
1013 1038 1130 1098 romani

203 1129 344 1209 appellati
357 1139 437 1207 sunt,
454 1131 496 1192 sic
508 1130 726 1213 iplricratenses
738 1130 816 1212 apud
827 1128 954 1194 Graecos
968 1131 999 1192 in
1013 1151 1130 1196 summa

202 1225 290 1287 laude
315 1227 436 1290 tuerint.
468 1226 568 1302 Idem,
595 1227 728 1290 subsidio
759 1225 1003 1291 Lacedaemoniis
1026 1232 1129 1310 prote·

202 1332 266 1386 tius
285 1324 345 1404 (3),
365 1317 590 1405 Epaminondae
617 1325 776 1387 retardavit
797 1325 949 1407 impetus3
974 1344 1044 1388 nam
1072 1327 1130 1390 nisi

207 1420 267 1485 rins
299 1422 443 1482 adventus
471 1422 763 1502 appropinquasset,
794 1441 854 1484 non
883 1421 964 1503 prins
993 1421 1130 1487 Thebani

201 1514 307 1594 Sparta
325 1515 550 1592 abscessissent,
570 1535 659 1597 quam
678 1525 795 1598 captam
811 1517 950 1580 incendio
966 1517 1127 1583 delessent.

242 1609 291 1673 Ili.
312 1611 380 1673 Fuit
400 1621 498 1674 autern
519 1621 549 1676 ct
572 1613 671 1675 animo
691 1633 796 1692 magno
821 1625 850 1677 et
869 1618 1004 1696 corpore,
1027 1615 1128 1699 impe·

199 1708 370 1788 ratoriaque
392 1710 506 1786 forma,
534 1717 567 1771 ut
585 1710 649 1790 ipso
671 1720 792 1792 aspectu
811 1711 902 1773 cuivis
918 1711 1055 1775 iniiceret
1073 1713 1128 1775 ad·

199 1803 387 1867 mirationem
407 1807 465 1868 sui:
482 1807 534 1869 scd
553 1807 584 1868 in
605 1808 707 1870 labore
725 1808 869 1873 remissus
886 1807 988 1887 nimis,
1009 1828 1129 1890 parum·

199 1921 257 1983 qne
275 1902 403 1983 patiens,
431 1912 464 1964 ut
493 1902 702 1985 Theopompus
728 1905 775 1986 (4)
799 1906 960 1967 memoriae
982 1906 1136 2001 prodidit·

198 1998 295 2061 bontas
313 2018 381 2062 uero
401 2000 472 2061 civis
483 2001 630 2082 ,fideque
658 2000 888 2079 magnatium
914 2020 981 2064 cum
1005 2003 1036 2065 in
1060 2004 1127 2067 atiis

198 2096 289 2158 rebus
306 2097 487 2174 declararit,
509 2107 570 2159 tuin
591 2100 718 2160 maxime
737 2101 769 2160 in
787 2103 931 2179 Amyntae
955 2100 1127 2166 macedonis

198 2193 301 2256 tiberis
320 2195 449 2256 tuendis.
470 2143 604 2278 Namque
622 2195 780 2276 Eurydice,
804 2204 899 2257 mater
919 2195 1080 2262 Perdiccae
1096 2209 1126 2263 et

196 2290 340 2373 Philippi,
364 2311 431 2354 cum
452 2292 497 2354 ms
516 2293 632 2355 cuorus
650 2294 765 2370 tiberis,
789 2292 914 2373 Amynta
933 2303 1064 2373 monuo,
1084 2280 1136 2359 -ao

197 2386 375 2468 Iphicratem
394 2389 527 2467 confugit
548 2390 617 2471 (5),
637 2391 761 2472 eiusque
790 2389 897 2470 opibus
921 2389 1044 2454 defensa
1066 2402 1123 2458 est.

119 2553 133 2584 a
152 2485 278 2583 5⁷7iiixit
297 2486 332 2546 ad
346 2495 542 2564 senectutem,
562 2487 685 2569 placatis
703 2488 734 2548 in
749 2506 781 2549 se
795 2505 917 2549 suorum
936 2487 1046 2551 ciuium
1061 2491 1127 2553 ani·

199 2583 265 2645 mis.
286 2581 409 2644 Causam
429 2584 533 2663 capitis
551 2586 642 2646 semel
659 2585 752 2662 dixit,
778 2585 856 2647 helio
879 2584 983 2646 sociali
1000 2584 1063 2667 (6),
1079 2586 1124 2649 si·

198 2681 260 2743 mul
288 2699 356 2742 cum
374 2679 549 2769 Timotipco:
572 2700 667 2763 eoque
686 2681 796 2744 iudicio
812 2691 857 2743 est
876 2682 1044 2746 absolutus.
1059 2681 1124 2748 Me·

227 2883 256 2943 iti
272 2885 380 2930 Mnemon
396 2882 540 2944 appellatus,
556 2896 569 2930 a
584 2896 633 2942 quo
649 2884 745 2942 Aegypti
760 2840 800 2930 rex
815 2883 917 2934 Actionis,
930 2883 968 2928 vel
983 2883 1125 2932 Nectannbts

197 2955 260 3000 stitus
275 2956 323 2999 eius
338 2952 459 3009 deiecerat.

227 3023 257 3081 (2)
274 3026 290 3069 Α
304 3021 377 3067 Fabio
392 3021 500 3080 Maxime),
513 3022 554 3079 qut
568 3033 609 3068 eos
623 3022 646 3065 in
662 3021 725 3066 betto
735 3022 818 3066 contra
833 3019 986 3066 Hannibalern
998 3021 1124 3082 disciptina

195 3094 219 3136 ei
233 3090 324 3136 assiduo
339 3091 503 3136 exercitatione
519 3089 677 3135 formaverat.

227 3157 260 3215 (ὅ)
273 3159 326 3202 Post
335 3158 478 3202 Leuctricam
494 3169 542 3215 pug
544 3170 603 3216 narn
619 3169 692 3214 quum
703 3157 749 3201 iam
761 3154 833 3201 nimie
842 3154 1010 3201 Thebanorum
1024 3152 1124 3203 fortuna

196 3224 375 3271 Atheniensibus
389 3226 534 3272 solicitudint
548 3227 659 3285 coeperat
673 3237 733 3271 csse.

227 3290 292 3348 (qv
294 3291 392 3336 ‚adnot
407 3291 492 3337 adite
495 3291 525 3337 ib.
527 3304 635 3369 ,capi⁴

227 3359 258 3411 (5)
273 3356 306 3402 Ab
318 3358 409 3402 insidiis
425 3326 559 3419 Pausantde,
572 3360 613 3416 qui
627 3361 648 3402 vt
662 3359 794 3416 iniuriaque
809 3368 909 3413 regnum
926 3357 1050 3404 invaserat

225 3426 255 3480 (tit
271 3425 355 3469 contra
369 3424 520 3484 Byzantinos,
538 3426 622 3485 cotos,
637 3425 740 3472 Rhodios
756 3427 779 3472 et
801 3427 875 3485 coos,
890 3425 932 3484 qut
946 3424 977 3470 ab
994 3425 1052 3472 itii
1041 3426 1124 3473 nten-

195 3496 257 3539 stum
272 3492 384 3538 societate
397 3492 530 3540 deiecerant
