2452 3938
343 224 743 276 rurusnouromus·arrrous
936 189 1001 276 'lto

79 313 127 384 ria
145 324 284 400 percepta
300 317 448 382 retinebat
469 318 631 382 beneticia:
652 339 728 402 quaa
745 329 844 384 autem
862 321 926 403 ipse
947 323 1002 385 tri-

83 413 202 491 buerat,
218 415 330 478 tamdiu
346 414 541 493 meminerat,
558 417 655 498 quoad
673 417 724 479 ille
740 425 840 496 gratus
858 427 931 495 orat,
952 416 1004 500 qui

84 520 250 591 acceperat.
270 510 372 594 ltaque
397 512 445 575 lnic
464 513 552 591 iecit,
582 522 614 576 ut
637 532 704 576 vere
727 513 838 577 dictum
857 515 1001 593 videatur,

84 610 133 672 sci
153 610 257 688 cariquc
283 627 378 672 mores
399 612 517 695 fiopuat
533 613 687 693 fortuitam
707 612 766 692 (l).
786 610 886 693 Neque
905 620 1005 674 tamen

86 707 169 788 prius
186 707 237 768 ille
250 706 411 783 fortunam,
431 724 519 787 quam
537 726 569 770 se
587 708 651 790 ipsa
670 709 765 785 tinxit,
786 709 837 790 qui
855 707 942 786 cauit,
967 725 1006 771 nc

88 821 147 884 qua
164 802 195 864 in
214 822 246 866 re
264 803 329 865 iure
350 804 539 886 plecteretur.

129 898 191 963 llll.
211 899 264 962 His
281 899 372 980 igitur
392 899 483 977 rebus
509 901 623 980 effecit,
651 909 684 965 ut
708 899 821 965 llarcus
847 899 1019 983 Vipsanius·

20 1074 23 1082 Ι
88 999 216 1081 Agrippa
234 997 294 1078 (2),
309 997 415 1059 intima
427 997 626 1061 familiaritate
642 997 817 1061 coniunctus
828 995 1007 1061 adolescenti

90 1095 220 1172 Caesari,
239 1112 305 1157 cum
325 1103 445 1177 propter
461 1114 544 1158 suam
562 1096 687 1174 gratiam
704 1104 735 1158 et
753 1095 884 1159 Caesaris
903 1103 1008 1176 poten-

90 1194 162 1256 tiam
180 1193 290 1254 nullius
318 1192 495 1255 conditionis
514 1192 561 1274 (3)
588 1212 649 1255 non
673 1192 795 1255 haberet
819 1198 1007 1274 potestatem,

92 1290 284 1373 potissimum·
300 1289 364 1352 eius
389 1290 524 1370 diligeret
544 1290 735 1367 affinitatem,
762 1297 1010 1371 praeoptaretque

92 1385 201 1468 equitis
218 1387 335 1448 romani
356 1386 448 1449 tiliam
469 1404 678 1467 generosarum
701 1386 823 1468 nuptiis.
843 1385 940 1473 Atque
954 1385 1010 1448 ha·
1045 1446 1046 1449 ,

92 1476 159 1546 runi
183 1483 354 1565 nuptiarum
372 1484 545 1574 conciliator
572 1485 639 1563 luit,
659 1502 719 1547 non
744 1483 823 1546 euim
844 1492 889 1547 ast
908 1485 1010 1547 celau-

95 1581 178 1659 dum,
189 1579 302 1644 Marcus
312 1580 469 1660 Antonius,
481 1582 616 1646 triumuir
626 1582 808 1664 reipublicae
823 1584 1011 1655 constituen-

96 1681 163 1760 dae;
182 1680 266 1743 cuius
282 1681 376 1759 gratia
390 1699 458 1744 cum
475 1699 582 1759 augere
600 1679 800 1762 possessiones
813 1689 911 1765 posset
929 1700 1011 1757 suas,

96 1787 210 1842 tantum
229 1777 324 1840 abluit
342 1797 360 1839 a
390 1777 553 1860 cupiditate
570 1779 726 1860 pecuniae,
756 1787 794 1841 ut·
816 1780 897 1842 nulla
918 1779 950 1841 in
977 1797 1011 1842 re

97 1897 169 1942 usus
187 1877 226 1938 sit
240 1893 287 1952 ea,
307 1874 364 1936 nisi
382 1874 413 1936 in
433 1876 628 1957 deprecandis
642 1876 804 1939 amicorum
822 1885 874 1939 aut
885 1876 1013 1962 pericu-

97 1975 136 2037 lis
152 1981 204 2037 aut
227 1963 433 2046 incommodis.
462 1970 545 2044 Quod
573 1974 693 2054 quidem
717 1973 772 2037 sub
791 1974 856 2054 ipsa
881 1973 1014 2055 proscri-

100 2077 201 2158 ptione
218 2076 384 2158 perillustre
400 2066 470 2138 tuit?
486 2074 559 2138 llam
575 2093 642 2139 cum
660 2074 744 2140 Lusii
759 2073 881 2152 Saufeii,
906 2073 1015 2156 equitis

100 2174 229 2251 romani,
251 2173 382 2254 aequalis
394 2174 453 2251 sui,
467 2174 519 2255 qui
530 2174 697 2256 complures
713 2192 819 2250 annos,
837 2171 934 2234 studio
957 2169 1016 2232 du·

102 2267 1017 2358 otusphilosophiae,Athenislrabitabat,habebatqueiultalia

102 2377 247 2460 pretiosas
271 2372 490 2455 possessiones,
513 2370 658 2433 triumviri
685 2368 763 2431 hona
792 2366 1015 2445 vendidissent,
1095 2350 1101 2369 ¹

104 2475 317 2539 consuetudine
334 2491 388 2553 ea,
408 2491 466 2554 que
484 2480 547 2534 tum
572 2487 621 2533 res
641 2463 838 2547 gerebantur3
864 2464 953 2527 Attici
970 2464 1017 2526 la·

105 2575 178 2636 bore
203 2581 291 2655 atque
318 2570 464 2634 industria
490 2569 684 2646 factumest,
713 2574 747 2629 ut
776 2565 880 2629 eodem
913 2561 1018 2624 nuntio

106 2671 242 2735 Saufeius
258 2672 341 2734 lieret
357 2668 476 2746 certior,
496 2686 527 2730 se
545 2667 753 2749 patrimonium
767 2664 912 2739 amisisse,
926 2669 955 2724 et
969 2678 1019 2721 re·
1073 2689 1075 2693 <
1095 2680 1099 2688 ¹

108 2785 277 2851 superasse.
296 2750 377 2830 Idem
393 2765 517 2830 Lucium
531 2764 640 2828 lulium
657 2764 802 2839 Calidum,
826 2777 927 2843 quem,
955 2763 1022 2837 post

108 2871 238 2937 Lucretii
259 2868 424 2951 Catullique
439 2866 486 2949 (l)
504 2873 642 2941 mortem,
661 2862 752 2925 multo
770 2855 1022 2939 elegantissimum

141 3059 170 3114 tlt
186 3057 275 3116 Appius
285 3055 348 3115 apud
363 3054 496 3100 Sallustium
511 3049 540 3096 de
551 3048 627 3095 ordin.
642 3058 691 3105 rep.
706 3056 722 3090 ι.

142 3125 171 3180 121
186 3125 275 3169 ltetlicis
292 3122 362 3168 rebus
374 3123 443 3180 gestis
458 3119 596 3180 praeclarus,
612 3116 653 3174 qui
663 3124 717 3159 cum
734 3111 821 3157 tertiam
837 3120 866 3155 ex
883 3106 957 3153 tribur
971 3112 1030 3150 um.
1111 3164 1114 3172 Ι

112 3192 178 3238 ribus
191 3194 279 3250 lutiam,
300 3191 394 3248 Augusti
410 3190 490 3244 tiliam,
506 3186 618 3242 duxisset,
632 3182 675 3228 luit
686 3182 766 3240 postea
781 3178 884 3235 Augusto
898 3187 952 3223 cum
967 3174 1029 3220 tlar-

113 3262 194 3307 renate
209 3259 267 3305 ultor
281 3259 372 3317 imperii
387 3258 498 3304 minister.

144 3331 173 3389 15]
189 3329 294 3375 conditio
306 3329 332 3372 in
347 3338 371 3372 re
386 3324 490 3384 nuptiali,
506 3321 615 3380 estquod
629 3319 692 3366 Italis
707 3318 725 3362 il
735 3317 837 3374 partito.

145 3400 174 3458 tt)
190 3399 300 3445 Floruere
307 3397 374 3444 llarli
384 3397 408 3441 et
417 3395 491 3452 Syllae
499 3391 651 3450 temporibus,
658 3398 758 3447 quorum
769 3386 810 3431 illo
820 3383 902 3444 potima
913 3381 940 3428 de
948 3392 1029 3425 nrum

113 3472 206 3528 arcturo,
217 3465 257 3513 lrlc
272 3461 451 3522 elegantissimos
465 3460 537 3517 elrpoc
547 3460 650 3518 reliquit
