2452 3938
226 210 287 273 tle
478 228 560 281 anta
580 228 743 281 aduramus
771 235 894 281 anninus

225 333 344 407 poetam
364 336 492 389 nostram
509 327 609 389 tulisse
628 335 754 390 aetutem
772 345 838 390 rere
850 327 952 390 videor
966 347 1052 411 posse
1071 332 1146 392 eori-

227 423 347 487 teudere
367 423 427 505 (l),
449 441 546 504 nequo
565 423 664 486 minus
682 424 777 487 virum
802 423 939 503 bonum,
965 425 1146 508 optimisque

226 519 339 581 artibus
357 519 517 596 eruditum,
537 528 604 600 post
621 520 867 602 proscriptionem
897 520 1045 601 equitum,
1074 541 1147 605 pro·

225 623 290 699 pter
310 635 431 696 magnas
446 615 510 678 eius
528 615 674 678 africanas
686 617 897 698 possessiones,
918 619 948 679 in
963 618 1147 700 proscripto·

227 733 291 776 mm
311 731 469 775 numerum
495 732 513 775 a
535 711 639 776 Publio
663 706 838 793 Volumnio,
863 715 1010 798 praesecto
1030 715 1146 779 sobrini

225 809 346 872 Antonii
360 809 420 891 (ἓ),
434 808 586 873 absentem
598 810 737 888 relatum,
751 810 907 892 expedivit.
922 810 1005 883 Quod
1021 812 1053 874 in
1065 830 1149 895 prae·

225 906 304 968 senti
317 906 371 987 ·(3)
384 917 482 967 utrum
494 906 522 969 ei
541 906 728 981 laboriosius,
748 926 785 969 an
800 908 956 987 gloriosius
975 908 1075 984 suerit,
1088 909 1161 970 dil-'

225 1002 302 1064 fioile
319 1002 375 1064 luit
394 1001 556 1081 iudieareq
571 1003 648 1083 quod
667 1002 698 1065 iu
718 1023 819 1067 eorum
838 1005 994 1086 periculis,
1010 1024 1079 1092 ‚non
1097 1024 1146 1069 se·

224 1115 278 1160 aus
288 1097 426 1162 absentes
440 1118 528 1181 quam
544 1110 715 1181 praesentes
729 1100 840 1164 amieos
854 1100 951 1164 Attico
967 1119 1145 1180 assecutae,

225 1195 376 1273 cognitum
395 1205 451 1258 ast.

267 1291 342 1354 Xlll.
358 1291 460 1375 Neque
478 1311 547 1355 vero
571 1293 669 1356 minus
683 1293 732 1356 ille
751 1292 806 1371 rir,
823 1293 919 1356 bonus
933 1293 1146 1374 paterfamilias

226 1388 346 1452 habitus
373 1398 419 1452 est
444 1408 531 1471 quam
553 1390 634 1451 ciris.
659 1388 731 1453 Nam
754 1409 821 1452 oum
844 1398 921 1453 esset
946 1390 1144 1471 pecuniosus,

225 1505 312 1549 nemo
326 1486 376 1548 illo
402 1486 500 1549 minus
517 1487 573 1549 luit
590 1505 675 1549 eman
693 1487 756 1569 (d),
776 1486 874 1548 minus
892 1486 1063 1550 aedificator
1086 1488 1145 1569 (5).

224 1581 325 1663 Neque
344 1591 443 1645 lamen
455 1601 513 1644 non
525 1583 669 1663 inprimis
687 1582 930 1661 benehabitavit,
950 1582 1148 1665 omnibusque

225 1677 345 1758 optimis
368 1676 456 1740 rebus
478 1697 549 1740 usus
568 1686 629 1756 est3
656 1697 724 1741 narn
750 1679 870 1740 domum
898 1678 1002 1744 habuit
1023 1679 1055 1741 in
1073 1680 1147 1741 colle

224 1768 369 1842 Quirinali
384 1770 432 1852 (6)
444 1770 669 1851 Tamphilanam
683 1773 742 1854 (l),
757 1772 793 1834 ab
818 1773 962 1834 avunculo
985 1772 1148 1835 hereditate

225 1867 371 1944 relictam,
388 1867 473 1931 euius
490 1868 654 1932 amoenitas
667 1887 728 1931 non
746 1867 894 1946 aedilicio,
913 1868 970 1931 sed
984 1868 1056 1931 silva
1073 1888 1147 1931 con·

227 1965 333 2028 stabat:
348 1965 444 2046 ipsum
455 1964 534 2029 enim
547 1974 667 2043 tectum,
680 1965 843 2046 antiquitus
859 1964 1064 2042 constitutum,
1081 1966 1148 2047 plus

226 2063 298 2126 salis
321 2062 381 2143 (8),
403 2081 492 2145 quam
509 2069 657 2144 sumptus,
678 2061 821 2148 habebam
842 2063 874 2123 in
893 2080 951 2143 quo
969 2062 1044 2125 nibil
1063 2081 1148 2125 oom-

228 2160 370 2243 mutarit,
389 2160 447 2223 nisi
471 2160 497 2223 si
518 2159 588 2241 quid
615 2167 761 2223 vetustate
785 2167 904 2221 coactus
925 2166 980 2222 est.
1004 2152 1082 2222 Usus
1102 2167 1149 2221 est

227 2255 341 2319 familia
358 2258 418 2340 (9),
437 2256 464 2319 si
478 2256 604 2320 utilitate
622 2255 813 2319 iudicandum
829 2263 885 2333 est,
905 2254 1029 2338 optima;
1049 2255 1075 2318 si
1086 2256 1151 2319 lor·

257 2492 290 2552 (tl
305 2493 362 2538 cum
374 2492 434 2543 nibil
444 2492 541 2539 huluaoa
556 2493 638 2552 poetae
655 2493 788 2552 pervenerit
806 2491 836 2539 ad
850 2503 900 2553 noa,
915 2491 945 2538 de
965 2502 994 2538 eo
1008 2491 1033 2537 ln
1049 2490 1152 2571 Cornelii

227 2561 298 2608 rerba
313 2559 439 2606 iurandum
449 2560 517 2606 nobis
531 2561 574 2606 est.

257 2629 288 2686 (2)
303 2628 365 2673 llal..
381 2627 584 2672 Souratnteadente
602 2626 753 2674 all’araeaale.

257 2696 286 2754 (5)
304 2695 369 2740 Tunc
389 2695 506 2752 temporis.

255 2764 289 2821 (t)
304 2763 381 2810 Prisca
392 2761 451 2809 baec
472 2759 518 2808 luit
532 2761 687 2822 patrllamilias
701 2763 821 2822 proposita
835 2761 929 2822 regula3
945 2760 1002 2808 cato
1018 2759 1053 2819 (de
1072 2772 1098 2805 re
1121 2772 1152 2804 ra

226 2833 304 2891 stica),
318 2829 411 2875 Patrem
421 2827 525 2887 [amittae
538 2830 668 2889 vendacem,
681 2842 729 2875 aaa
742 2840 840 2875 emacem
856 2831 1003 2885 easeoportat

258 2899 290 2959 (5)
311 2899 437 2958 Praeclpua
458 2898 524 2945 atrici
547 2899 621 2944 aetate
637 2898 702 2944 olres
723 2897 782 2952 adeo
806 2895 942 2942 familiarem
956 2904 1060 2953 poenum
1072 2892 1097 2937 in
1109 2903 1152 2938 ex·

227 2967 342 3014 struendo
358 2966 476 3025 rainneri,
492 2966 516 3011 et
531 2967 688 3023 coaequandis
704 2965 822 3011 montibus
836 2959 1007 3021 decoquebant,
1020 2959 1047 3006 ut
1064 2958 1153 3018 proba-

227 3039 288 3096 rent,
302 3032 360 3081 utun
378 3036 509 3091 baronum,
524 3033 586 3091 qul'
580 3034 653 3079 inviso
669 3033 753 3091 alicui,
768 3033 828 3087 iuter
850 3031 928 3077 cetera
946 3027 1023 3085 mala,
1033 3029 1058 3074 et
1072 3024 1155 3072 aedifi·

227 3104 298 3150 candi
309 3102 450 3150 desiderium
461 3113 476 3147 a
489 3066 584 3159 prerb
598 3067 760 3160 precabantur'.

259 3176 288 3236 (6)
304 3176 340 3220 Sic
356 3174 498 3233 appellatum
512 3186 527 3218 a
543 3173 636 3231 templo,
657 3172 722 3229 quod
737 3171 836 3223 llourulo
854 3167 944 3226 Quirini
965 3165 1059 3213 nomine
1077 3165 1100 3208 ln
1120 3173 1153 3210 eo

229 3245 394 3288 exstruxerant.
409 3239 583 3286 nocentioribus
598 3239 706 3286 Romanis
721 3240 756 3285 est
770 3238 846 3283 Monta
861 3235 960 3282 cavallo.

260 3312 291 3367 (7)
304 3311 341 3356 sic
353 3308 496 3371 appellatum
511 3308 640 3365 aquodam
650 3306 782 3368 Tamphilo,
794 3307 837 3366 qul
852 3304 941 3367 pridem
955 3299 1099 3364 possederat
1140 3341 1142 3345 .

259 3378 291 3437 (8)
283 3379 439 3435 ivenustatis
455 3378 594 3434 elegantiae.

263 3447 294 3506 (9)
305 3445 432 3493 Famulatu.
