2452 3938
1086 35 1160 101 ψ

156 265 217 328 102
511 273 719 324 rrnurrormrs

154 373 257 449 risset,
276 369 457 452 praesidium
473 369 502 430 ei
520 369 614 447 dedit,
632 379 720 431 uteo
739 377 800 431 tuto
818 363 1004 449 perveniret3
1024 386 1096 432 nee

155 485 213 551 que
227 487 295 532 vero
314 467 344 528 id
362 467 434 528 satis
449 466 565 542 babuit,
584 465 637 529 sed
654 466 744 528 etiam
762 474 796 526 ut
810 465 969 528 inviolatus
984 467 1017 528 in
1028 486 1097 530 ιιι·-

154 584 220 628 vem
239 563 435 639 ascenderet,
463 580 517 643 per
533 561 691 624 Chabriam
709 561 935 640 atheniensem,
964 562 1003 625 de
1020 566 1098 645 qud¹

153 681 242 744 supra
253 660 433 722 mentionem
448 658 586 736 fecimus,
600 659 709 721 effecit.
723 642 929 721 Abstinentiae
949 661 1008 721 erit
1024 660 1088 724 hoc

152 759 224 821 satis
243 756 458 819 testimouium.
477 755 609 818 Plurima
623 756 744 838 quidem
759 755 892 836 prolerre
905 773 1085 836 possemus;

152 853 205 916 sed
223 852 328 915 modus
346 851 531 915 adhibendus
549 861 607 931 est,
623 852 765 934 quoniam
778 871 838 914 uuo
853 852 909 914 boc
926 853 1086 917 volumine

152 950 227 1012 vitas
242 949 448 1012 excellentium
459 950 589 1012 virorum
601 949 800 1030 complurium
815 949 995 1012 concludere
1007 968 1085 1012 con·

151 1047 450 1128 stituimus3quorum
461 1048 620 1128 separatim
629 1047 730 1109 multis
741 1046 872 1109 millibus
880 1063 1021 1110 romaum
1031 1047 1084 1130 (l)
1107 1069 1110 1074 ·

151 1144 319 1224 complures
337 1144 495 1225 scriptores
510 1152 579 1206 aute
597 1162 651 1205 nos
673 1143 871 1224 explicarunt.

80 1236 83 1243 ’
190 1239 227 1303 V.
247 1240 316 1303 Fuit
341 1241 430 1303 etiam
458 1241 609 1316 disertus,
628 1249 661 1303 ut
684 1258 772 1302 nemo
790 1239 951 1302 Thebanus
979 1241 1010 1304 ei
1025 1260 1086 1323 par

43 1336 47 1344 '
150 1348 228 1400 esset
255 1339 437 1419 eloquentia,
462 1356 559 1418 neque
584 1338 682 1398 minus
700 1337 864 1398 concinnus
881 1337 914 1398 in
931 1334 1084 1403 brevitate

149 1435 362 1516 respondendi,
384 1453 475 1515 quam
494 1435 524 1495 in
543 1441 686 1514 perpetua
711 1433 844 1495 oratione
873 1444 995 1497 ornatus
1014 1435 1081 1518 (2).

149 1531 260 1593 Habuit
278 1531 507 1593 obtrectatorem
532 1528 724 1591 Meneclidem
739 1531 919 1611 quemdam,
943 1531 1081 1600 indidem

149 1625 270 1700 Thebis,
292 1627 491 1688 adversarium
509 1625 541 1687 in
560 1626 795 1689 administranda
818 1627 984 1708 republica,
1003 1630 1080 1693 satis

148 1724 341 1785 exercitatum
356 1723 388 1783 in
403 1723 541 1800 dicendo,
555 1732 588 1784 ut
603 1722 777 1786 Thebanum
787 1723 901 1787 scilicet
914 1725 975 1806 (3);
988 1744 1077 1788 nam·

147 1840 205 1902 que
223 1820 267 1883 illi
284 1821 365 1900 genti
382 1821 449 1902 plus
464 1820 542 1884 inest
561 1819 666 1882 virium
682 1839 771 1901 quam
787 1822 911 1899 ingenii.
931 1821 972 1900 ls,
991 1825 1075 1905 quod
1094 1837 1097 1841 ’

146 1919 179 1980 in
203 1936 236 1980 re
262 1917 384 1981 militari
409 1919 516 1980 llorere
540 1917 777 1999 Epaminondam
803 1918 940 1996 videbat,
960 1919 1078 1985 honori

145 2016 260 2078 solebat
271 2015 441 2092 Thebanos,
461 2023 494 2077 ut
509 2032 612 2096 paoem
629 2014 707 2077 bello
723 2015 916 2094 anteferrent,
934 2035 973 2079 ne
991 2019 1077 2083 illius

144 2113 334 2194 imperatoris
357 2130 447 2193 opera
460 2111 689 2174 desideraretur.
712 2109 788 2174 Huic
809 2112 878 2175 ille:
896 2115 1005 2194 Fotttr,
1021 2115 1076 2183 in·

148 2212 224 2292 quit,
240 2211 326 2273 oerho
337 2211 413 2273 cloes
427 2219 503 2286 teos,
520 2209 597 2288 qood
610 2210 662 2276 hos
678 2210 778 2272 obello
795 2227 914 2284 ooocoo;
926 2212 1075 2280 otitetec'm

144 2308 265 2369 nominc
290 2309 460 2370 sevitutem
486 2307 636 2368 concilias.
655 2308 734 2371 Nom
753 2309 877 2386 paritor
896 2326 962 2388 pon
984 2312 1071 2377 hello.

144 2404 256 2482 ltaque,
272 2405 323 2483 poi
336 2421 370 2466 eo
386 2404 506 2466 diutino
521 2404 624 2466 volunt
640 2403 727 2483 frui,
747 2405 819 2467 totto
840 2408 995 2471 conotus·
1010 2428 1075 2475 cese

143 2501 255 2564 debent.
274 2501 374 2576 Qcore
387 2500 448 2581 (d),
463 2501 489 2561 si
502 2501 653 2581 principes
670 2502 810 2564 Graecam
827 2520 885 2564 cose
901 2505 1004 2584 cultis,
1022 2524 1073 2571 cu·

142 2599 214 2662 stris
231 2605 272 2660 est
294 2598 374 2689 vohis
391 2597 555 2674 utendum,
577 2616 640 2660 non
652 2600 806 2678 palaestro
831 2600 891 2681 (5).
910 2599 993 2665 Idem
1016 2605 1072 2669 ille

170 2763 203 2824 (il
219 2763 298 2810 Latini
312 2763 428 2809 librorum
441 2772 529 2822 vamur,
541 2763 599 2809 idest
611 2763 682 2809 lineas
696 2765 746 2809 tum
762 2765 855 2824 poetica
868 2767 919 2815 tum
933 2779 1005 2827 prose
1016 2781 1071 2819 ora·

142 2833 209 2879 tione
225 2832 329 2878 numeris
344 2830 466 2892 notabam,
480 2832 506 2876 ut
518 2843 599 2877 eorum
619 2831 716 2878 modum
731 2831 904 2889 quodammodo
919 2835 1070 2897 metirentur,

142 2902 269 2961 praecipue
284 2913 339 2946 vero
353 2902 382 2947 ut
396 2912 426 2946 ne
447 2898 506 2957 quid
524 2900 548 2944 in
564 2900 670 2958 ipsorum
686 2900 797 2960 operibus
812 2898 943 2967 ercideret,
960 2904 999 2949 rel
1012 2918 1070 2966 spn-

142 2970 202 3016 rium
216 2968 337 3028 irreperet.
352 2969 436 3014 Versus
458 2969 536 3014 autem
557 2979 571 3012 a
586 2967 697 3015 vertendo
712 2967 781 3026 dicti,
792 2966 857 3024 quod
871 2970 989 3027 superiori
1001 2973 1073 3033 baeu

141 3037 172 3081 ad
191 3038 319 3096 marginem
339 3036 410 3084 ducta
424 3039 503 3084 stilum
525 3039 654 3083 retrorsum
669 3038 793 3097 verterent,
813 3038 839 3082 ut
853 3037 1016 3095 insequentem
1029 3044 1067 3090 tn·

141 3104 263 3166 choerent,
280 3108 399 3166 monetata,
414 3108 441 3152 ut
457 3107 483 3150 in
498 3107 550 3152 aliis
566 3104 672 3164 vocibus,
684 3104 714 3150 ad
728 3107 867 3165 scripturam
885 3107 1067 3172 pertinentibus,

140 3173 278 3232 metaphora
290 3187 318 3220 ex
333 3186 442 3232 agrorum
454 3175 553 3220 cultura.

171 3241 200 3297 (2)
216 3241 309 3287 imbrii
320 3242 430 3300 efferbere
443 3255 476 3289 ato
495 3247 566 3288 molto
576 3254 624 3288 non
640 3254 706 3288 mmo
721 3244 832 3300 cccmeeto,
847 3240 887 3287 che
902 3254 1017 3290 cornere
1031 3259 1080 3300 ιιιι,

139 3305 329 3363 lunpodlscorao.
792 3304 795 3311 '

169 3374 200 3431 (dl
217 3373 248 3419 Cf.
264 3375 374 3424 Alcibiad.
388 3376 415 3422 xi
429 3377 453 3422 et
467 3377 547 3421 adnot.

169 3443 200 3500 li)
216 3442 257 3488 iilo
272 3457 287 3490 a
302 3444 429 3490 Mareotide
444 3443 472 3489 ed
485 3444 610 3490 Thebanos
621 3444 751 3490 orationem
765 3444 886 3492 convertit.

175 3508 200 3568 b)
213 3510 240 3555 ln
256 3522 302 3568 qua
316 3512 380 3570 pacis
397 3513 500 3570 tempore
511 3511 615 3558 ludicrae
628 3513 806 3558 exercitationes
819 3513 912 3562 heredi.
