2452 3938
481 246 676 323 musanus,
983 233 1024 299 39

102 341 215 407 nuncio
238 345 424 415 commotus,
444 355 568 418 sperans
589 355 622 400 se
644 337 733 400 etiam
762 346 825 401 tum
852 339 980 420 pecunia
996 350 1026 403 et

101 438 238 524 potentia
250 426 366 502 iustans
380 434 546 516 periculum
562 452 648 514 posse
662 434 821 516 depellere,
841 435 962 498 domum
974 455 1025 500 re-

102 535 168 600 diit.
183 533 248 597 lluo
265 541 299 596 ut
311 532 403 608 venit,
417 530 453 594 ab
467 530 585 612 ephoris
600 530 630 592 iu
645 530 762 593 vincula
779 530 899 612 publica
921 533 1025 596 conie-

102 643 168 696 ctus
189 641 246 695 est.
267 628 350 692 Licet
367 629 448 695 euim
465 627 580 707 legibus
603 646 706 690 eorum
729 628 823 691 cuivis
840 630 952 710 ephoro
968 631 1027 692 hoc

102 732 209 794 lacere
221 727 295 807 regi.
315 725 391 789 Hinc
412 734 512 788 tamen
529 744 562 788 se
579 725 741 806 expedivit:
762 743 860 807 neque
877 745 913 790 eo
933 727 1026 806 magis

101 827 223 890 carebat
234 823 416 905 suspicione:
430 840 499 884 nam
510 822 611 903 opinio
624 822 775 898 manebat,
788 840 858 885 eum
874 841 941 886 cum
956 842 1026 903 rege

101 925 214 988 habere
232 922 415 984 societatem.
430 921 482 983 Est
494 939 589 999 genus
599 920 749 1001 quoddam
760 920 927 998 hominum,
943 921 1024 1002 quod

101 1020 222 1084 Helotes
234 1020 412 1101 (l)rocalur
428 1035 554 1100 quorum
575 1036 679 1096 magna
697 1017 856 1080 multitudo
871 1036 956 1097 agros
966 1017 1026 1108 ha·

102 1116 365 1182 cedaemoniorum
387 1115 479 1191 colit,
505 1132 718 1195 servorumque
742 1133 864 1178 munere
881 1115 1024 1194 iungitur.

102 1213 164 1277 Hos
181 1231 302 1296 quoque
318 1211 478 1274 sollicitare
496 1230 548 1291 spe
565 1211 710 1274 libertatis
721 1211 955 1274 existimabatur.
969 1210 1028 1274 Sed

103 1311 186 1392 quod
202 1311 308 1372 harum
327 1327 427 1371 rerum
449 1308 562 1371 nullum
583 1316 647 1370 erat
666 1318 800 1390 apertum
827 1308 952 1385 crimen,
968 1327 1027 1389 quo

103 1408 187 1487 argui
201 1415 312 1488 posset,
330 1425 390 1468 non
405 1405 550 1494 putabant
560 1405 597 1468 de
611 1405 663 1468 tali
674 1415 793 1485 tamque
811 1406 892 1468 claro
905 1406 966 1468 viro
979 1424 1029 1467 su·

102 1504 289 1588 spicionibus
307 1512 443 1583 oportere
461 1502 610 1583 iudicari;
639 1503 690 1566 sed
710 1503 936 1584 expectandum,
956 1501 1028 1567 dum

104 1620 139 1665 se
156 1602 223 1682 ipsa
241 1619 288 1662 res
307 1601 445 1681 aperiret.

144 1696 336 1760 1V.1nterim
362 1696 489 1774 Argilius
507 1695 910 1778 quidam-adolescentulus,
939 1716 1027 1778 quem

103 1812 232 1878 puerum
250 1792 412 1856 Pausanias
429 1811 530 1855 amore
551 1811 677 1855 venereo
703 1793 856 1869 dilexerat,
875 1813 941 1856 oum
961 1795 1028 1877 cpi-

103 1893 210 1955 stolam
226 1890 264 1953 ab
282 1909 319 1953 eo
338 1890 375 1952 ad
392 1889 568 1952 Artabazum
586 1890 760 1972 accepisset,
776 1891 863 1972 eique
878 1892 907 1952 in
927 1892 1027 1973 suspi-

104 1988 223 2051 cionem
242 1989 371 2050 venisset
387 1987 500 2068 aliquid
509 1988 541 2049 in
553 2005 589 2049 ea
601 1986 637 2050 de
654 2005 761 2050 seesse
775 1989 931 2070 scriptum,
950 1987 1030 2068 quod

104 2104 194 2148 nemo
210 2103 313 2149 eorum
332 2084 468 2158 redisset,
481 2085 533 2165 qui
550 2103 640 2166 super
658 2086 708 2147 tali
721 2103 810 2148 causa
823 2086 926 2148 eodem
945 2085 1028 2147 missl

104 2192 203 2260 eraut,
219 2182 336 2247 vincula
353 2181 497 2262 epistolae
514 2182 638 2258 laxavit,
665 2183 808 2263 signoque
826 2182 956 2244 detracto
974 2199 1028 2244 oo-

103 2280 219 2360 guorit‚
238 2280 264 2343 si
289 2280 470 2362 pertulisset,
490 2280 547 2342 sibi
568 2297 634 2342 esse
651 2280 834 2362 pereundum
855 2279 914 2361 (ἓ).
935 2277 1028 2342 Erant

103 2380 137 2440 iu
152 2378 257 2442 eadem
277 2378 415 2458 epistola,
434 2395 510 2459 quae
533 2377 569 2439 ad
584 2396 619 2439 ea
636 2377 836 2460 pertinebant,
857 2397 934 2460 quae
951 2377 1030 2441 inter
1107 2438 1110 2443 .

103 2495 206 2555 regem
216 2475 453 2556 Pausaniamque
465 2485 674 2539 conuenerant.
688 2475 747 2539 llas
758 2476 807 2539 ille
817 2477 930 2539 litteras
940 2477 1032 2559 epho-

104 2574 148 2638 ris
169 2573 301 2637 tradidit.
318 2572 381 2634 Non
400 2582 445 2635 est
463 2574 678 2654 praetereunda
689 2574 816 2653 gravitas
832 2574 1030 2637 Lacedaemo·

105 2669 225 2733 nicrum
246 2670 392 2732 hocloco:
410 2689 479 2732 narn
491 2689 529 2733 ne
541 2671 631 2733 huius
646 2671 768 2751 quidem
785 2671 896 2734 indicio
910 2669 1031 2752 impulsi

105 2777 188 2845 sunt,
207 2776 241 2830 ut
255 2766 432 2830 Pausaniam
451 2770 746 2851 comprehendereut;
762 2787 858 2850 neque
877 2769 959 2849 prius
972 2768 1031 2828 rim

106 2863 307 2927 adhibendam
326 2873 514 2946 putaverunt,
534 2886 623 2948 quam
639 2885 671 2929 se
696 2866 761 2947 ipse
780 2866 949 2927 iudicasset.
970 2862 1031 2926 lta-

138 3051 168 3112 (l)
185 3053 262 3110 Quum
276 3051 398 3099 Dorienses
412 3054 437 3100 et
449 3054 583 3100 Heraclides
595 3064 645 3111 rau.
653 3052 706 3098 aule
716 3051 832 3098 Christum
842 3053 1033 3109 natumnatum)

107 3132 137 3167 ex
151 3119 272 3167 Thessalia
285 3120 469 3179 Peloponnesum
484 3123 605 3182 invasere,
620 3121 681 3167 duee
707 3120 840 3181 praesertim
857 3120 885 3166 ils
902 3119 973 3165 urbes
991 3120 1035 3177 ob·

106 3187 194 3252 sotere,
210 3187 280 3234 Helos
292 3190 315 3234 et
327 3189 430 3249 lmlclos,
444 3201 543 3248 quarum
558 3190 681 3248 propterea
694 3189 768 3246 cives,
784 3187 859 3233 multo
872 3200 944 3246 quam
962 3182 1036 3236 celeri

107 3256 199 3311 gravius
221 3259 342 3303 servitium
357 3259 446 3318 experti
467 3261 529 3305 suut.
548 3261 642 3307 flelotes
664 3270 721 3304 vero
739 3269 770 3304 ex
783 3257 845 3303 illius
860 3258 923 3305 urbis
939 3260 1035 3304 nomiae

108 3323 167 3368 servi
182 3334 265 3370 omues
279 3325 392 3385 appellari
402 3327 478 3384 coepti
494 3327 556 3373 sunt.

139 3389 171 3449 (2)
188 3390 312 3438 Pausanias
326 3395 397 3438 enlmv
408 3393 519 3441 Artabazo
534 3395 702 3456 praeelplebat,
725 3393 754 3442 ut
770 3394 883 3455 nuncium
897 3393 1037 3454 pertulerat,

111 3468 142 3503 ne
155 3458 296 3516 proditionis
307 3456 434 3518 aliquando
447 3461 516 3508 iudex
532 3475 582 3508 esse
598 3464 682 3521 posset.
