2452 3938
511 279 682 326 rrnrcnnres
995 259 1029 322 81

71 401 77 405 ·
107 359 239 440 noetboo
256 373 348 436 hlium
361 360 503 455 reliquit,
531 392 566 434 en
584 371 709 434 Thressa
733 369 780 453 (i)
799 358 913 457 natum,
937 364 1035 448 Cotyis

69 486 75 509 ³
110 471 193 552 regis
211 471 282 533 filia.
303 470 412 533 Iseum
430 471 672 549 interrogaretur,
690 476 789 530 utrum
806 465 897 548 pluris
920 472 1032 545 patrem

69 594 73 599 ·
107 578 282 632 matrernue
299 567 419 630 faceret:
446 575 590 642 matrem,
615 564 721 645 inquit.
749 561 782 625 ld
808 580 875 624 curn
895 559 1033 623 omnihus

111 665 224 728 mirum
242 664 406 727 rideretur:
427 665 539 739 atille,
562 663 682 738 metito,
697 659 817 741 inquit,
844 658 1033 738 {aetornum

70 783 75 790 ’
104 770 208 844 puto,
228 769 373 842 quantum
389 763 423 824 in
439 779 469 824 se
487 762 562 842 fuit,
582 761 710 824 thracem
725 775 771 820 me
789 768 910 840 uerrunt,
930 762 1034 818 eontra

101 877 148 923 eu
159 867 269 936 muter,
281 859 488 930 atheniensem.

538 1151 605 1220 Xll.

335 1324 340 1333 ⁵
426 1377 727 1458 cnnnnrns.

151 1693 176 1758 i.
193 1693 351 1770 Chabrias,
368 1693 560 1757 atheniensis.
582 1693 636 1756 Hic
651 1713 769 1775 quoque
787 1693 817 1755 iu
836 1693 960 1756 summis
977 1692 1033 1755 ha-

87 1783 193 1855 bitus
211 1799 258 1854 est
273 1791 410 1868 duoihus;
430 1810 538 1872 resque
557 1791 663 1853 multas
679 1789 821 1853 memoria
842 1790 946 1869 dignas
963 1805 1039 1868 ges-'

82 1887 162 1951 sit.
181 1884 241 1951 Sed
258 1906 294 1951 ex
314 1887 359 1949 his
377 1888 474 1950 elucet
493 1889 619 1950 maxime
638 1887 789 1950 inventum
808 1887 872 1949 eius
893 1887 926 1949 in
943 1889 1108 1986 proc-‘tbi

87 1977 165 2062 lio,
183 1985 263 2066 quod
279 1984 356 2066 apud
369 1982 485 2046 Thebas
498 1985 578 2062 fecit,
598 2003 665 2046 cum
684 1983 814 2046 Boeotiis
830 1982 962 2046 subsidio
982 2002 1033 2046 re·
1057 1975 1063 1988 '

61 2125 66 2129 -
84 2080 210 2145 nisset
222 2081 282 2163 (h).
301 2080 434 2162 Namque
445 2080 475 2141 in
496 2099 543 2158 eo,
557 2080 677 2143 victoria
698 2080 807 2142 fidente
825 2098 940 2142 summo
958 2079 1032 2140 duce

85 2172 265 2256 Agesilao,
284 2177 393 2256 iugatis
410 2177 468 2240 iarn
488 2177 574 2240 abeo
593 2176 781 2240 conductitiis
801 2177 942 2254 catervis,
959 2175 1032 2238 reli-

81 2285 204 2351 quam
226 2273 402 2355 phalangem
426 2275 491 2337 loco
511 2274 602 2336 vetuit
618 2274 734 2352 cedere,
764 2272 931 2354 obnixoque
954 2291 1032 2352 genu

86 2380 222 2448 scuto,
240 2371 429 2452 proiectaque
448 2370 552 2448 hasta,
571 2371 712 2452 impetum
742 2371 876 2452 excipere
903 2370 1032 2433 hostiurn

82 2463 227 2531 docuit·
239 2467 299 2549 (θ).
318 2465 350 2529 Id
368 2486 474 2529 novum
493 2467 645 2546 Agesilaus
667 2467 804 2545 intuens,
824 2467 957 2549 progredi
972 2486 1033 2530 non

76 2573 161 2627 est
174 2581 279 2642 ausus;
297 2581 426 2645 suosque
438 2565 495 2626 iarn
511 2565 696 2629 incurrentes
713 2565 783 2628 tuba
800 2565 956 2628 revocavit.
971 2562 1032 2626 Hoc

79 2669 211 2742 usque
227 2678 263 2723 eo
290 2668 351 2722 tota
380 2660 501 2723 Graecia
530 2662 607 2725 sarna
631 2662 810 2724 celebratum
837 2670 901 2737 est,
927 2669 960 2723 ut
981 2661 1031 2723 itto

81 2761 194 2820 statu
208 2757 257 2839 (t)
276 2755 417 2820 Chabrias
435 2757 492 2821 sibi
509 2767 634 2820 statuam
647 2758 712 2820 fieri
729 2759 864 2839 voluerit,
881 2775 956 2839 quae
973 2776 1031 2838 pu·

138 2959 175 3020 (t)
187 2961 246 3009 idest
262 2963 375 3014 ihr-acta,-
389 2960 436 3009 duit
448 2964 511 3010 euim
526 2964 593 3020 cotys
603 2962 716 3008 Thraciae
732 2974 778 3021 rex,
792 2963 832 3020 qui
842 2963 933 3007 missuro
949 2962 1032 3006 contra

92 3031 136 3069 *θ
156 3029 186 3076 ub
205 3031 382 3078 Atheniensibus
396 3031 537 3091 iphicraiem
561 3033 675 3091 placavit,
698 3031 798 3088 dataque
820 3031 844 3076 in
859 3030 1031 3075 matrimonium

96 3087 174 3155 filia,
187 3097 233 3144 ribi
247 3096 357 3145 devinxit.
940 3142 944 3149 .

145 3159 180 3219 (2)
191 3165 266 3222 Quum
281 3165 421 3216 Phoebidas.
440 3165 626 3211 lacedaemonius
641 3164 701 3216 dux.
719 3166 839 3212 Cadmeam
853 3163 987 3210 Thebarum
995 3177 1032 3210 ur-

108 3231 171 3274 tem
183 3235 349 3293 occupavisset,

151 3294 180 3352 (ὅ)
193 3298 253 3348 hab:
267 3301 301 3347 Lu
315 3300 413 3360 salutm,
426 3315 441 3346 o
456 3302 490 3346 lut·
505 3304 604 3352 restante
618 3313 723 3360 ancora,
740 3298 769 3360 [ι’
785 3304 886 3345 stersene
901 3303 1001 3358 immota,
1022 3312 1034 3342 e

120 3365 233 3412 umorue
245 3379 308 3413 come
321 3372 414 3427 potasse,
429 3370 564 3425 oppouuiuto
579 3368 721 3414 anidnmente
735 3369 760 3414 al
771 3367 890 3427 utnoccht‘o
906 3368 927 3412 io
938 3367 1007 3412 acardo
1022 3379 1035 3411 o

38 3448 50 3463 ··
126 3422 190 3477 rtuto
200 3441 308 3495 prortesu,
322 3433 418 3492 stacam
433 3436 554 3481 l'r'rroente
568 3440 664 3483 hemico.

156 3496 182 3559 ii)
194 3498 252 3549 itate
266 3503 295 3549 ln
307 3504 560 3562 queti'atteauinmento.

191 3702 319 3788 'Cornelii‘
334 3724 409 3804 lup.
