2452 3938
190 273 252 337 trs
448 289 532 337 araus
551 287 714 335 nouromus
735 265 857 333 arrrsus

188 400 265 463 quae
282 380 372 444 nullis
386 381 504 445 casibus
519 381 624 460 agitur,
645 398 741 462 neque
760 377 914 441 minuitur.
932 375 1030 442 Hostis
1042 378 1104 443 An·

124 477 286 554 ⁸‚ggtonius
304 479 464 555 indicatus,
482 477 566 540 ltalia
584 485 723 554 cesserat;
744 494 811 557 spes
831 475 1005 539 restituendi
1023 479 1106 559 nulla

187 583 260 636 erat.
277 573 340 638 Non
354 576 449 637 solum
468 574 532 636 eius
550 573 676 650 inimici,
693 571 745 654 qui
763 580 825 635 tum
840 579 924 634 erant
937 572 1107 654 potentissi-

186 671 227 733 mi
252 681 281 734 et
300 671 441 753 plurimi,
467 669 626 734 sedetiam
646 670 734 733 amici
757 669 933 732 adversariis
957 669 1047 749 eius,
1071 691 1105 736 eo

187 766 312 847 dabant;
342 777 371 831 et
394 768 434 844 in
450 787 485 838 eo
511 768 654 847 laedendo
677 786 710 830 se
737 767 866 848 aliquam
894 775 1114 832 consecutoros'

145 911 154 927 .
184 864 343 944 sperabant
370 864 631 943 commoditatem3
662 863 823 941 familiares
847 862 1103 944 insequebantur,

184 978 306 1022 uxorem
323 960 456 1023 Fulviam
475 961 613 1023 omnibus
631 960 721 1025 rebus
739 959 867 1040 spoliare
885 959 1056 1041 cupiebant,
1069 962 1105 1024 li·

76 1086 84 1105 ·
184 1055 272 1119 beros
289 1056 377 1119 etiam
405 1058 576 1136 extinguere
593 1056 747 1145 parabant.
771 1055 906 1141 Atticus,
925 1075 992 1119 cum
1017 1057 1105 1122 Cice·

183 1152 265 1215 ronis
290 1153 394 1216 intima
413 1154 612 1217 familiaritate
633 1160 782 1230 uteretur,
811 1152 1007 1216 amicissimus
1025 1165 1103 1219 esset

182 1247 290 1312 Bruto:
311 1270 371 1313 non
395 1252 481 1314 modo
501 1252 573 1313 nibil
591 1251 628 1313 iis
648 1250 769 1313 indulsit
793 1250 828 1312 ad
849 1248 1019 1331 ,Antonium
1036 1251 1102 1314 rio-

182 1346 316 1423 laudum,
336 1348 388 1411 sed
412 1368 428 1410 e
448 1349 594 1411 contraria
612 1347 772 1410 familiares
791 1346 855 1409 eius
873 1365 908 1410 eu
937 1348 1011 1410 urbe
1029 1367 1101 1430 pro-

182 1443 341 1522 fugientes,
360 1456 503 1526 quantum
519 1445 625 1526 potnit,
640 1444 722 1521 texit3
743 1443 851 1526 quibus
864 1443 953 1506 rebus
967 1444 1103 1524 indigue·

181 1547 262 1617 runt,
276 1540 397 1602 adiuvit.
411 1540 515 1603 Publio
531 1560 597 1603 uero
613 1539 770 1603 Volumnio
784 1559 819 1603 ea
836 1540 951 1617 tribuit,
969 1549 1003 1604 ut
1013 1543 1101 1623 plura

182 1644 336 1717 aparente
354 1637 499 1718 proficisci
518 1655 578 1699 non
600 1636 762 1718 potuerint.
782 1635 953 1718 Ipsi-autem
966 1637 1099 1716 Fuluiae,

181 1749 250 1793 cum
264 1731 365 1794 litibus
382 1732 583 1811 distineretur,
602 1733 775 1815 magnisque
795 1733 954 1796 terroribus
976 1753 1100 1799 vexare·

180 1835 240 1905 tur,
264 1837 344 1891 tanta
362 1828 515 1908 diligentia
533 1829 660 1893 officium
679 1848 766 1892 sunm
789 1828 953 1910 praestitit,
972 1839 1006 1893 ut
1030 1833 1100 1894 nul-

179 1923 241 1987 lum
260 1925 312 1987 illa
330 1926 439 1989 stiterit
460 1926 662 1989 vadimonium
681 1927 728 2008 (l)
747 1926 811 1988 sine
824 1924 933 2003 Atticm
951 1926 998 1989 bic
1012 1947 1102 2009 spon-

178 2023 371 2085 soromnium
384 2042 481 2087 rerum
498 2024 597 2087 fuerit.
612 2023 689 2096 Quin
704 2023 886 2099 etiamnum
905 2012 956 2085 illa
972 2023 1113 2111 fundum·

180 2119 311 2182 secunda
328 2120 446 2183 fortuna
465 2121 512 2203 (Ξ)
531 2122 652 2184 emisset
668 2121 700 2183 in
728 2120 806 2182 diem
822 2120 888 2200 (3);
908 2138 1006 2202 neque
1033 2132 1100 2202 post

180 2215 376 2278 calamitatem
391 2235 540 2279 uersuram
553 2218 651 2279 facere
662 2216 805 2299 potuisset
813 2215 872 2297 (f);
892 2215 943 2279 ille
959 2235 993 2280 se
1007 2216 1100 2280 inter·

179 2310 296 2391 posuit,
316 2313 533 2395 pecuniamque
555 2313 619 2376 sine
636 2312 774 2389 foenore,
803 2312 928 2394 sineque
956 2313 1017 2376 ulla
1044 2315 1099 2377 sti·

181 2406 334 2488 pulatione
358 2409 386 2481 ei
403 2410 539 2488 credidit,
559 2409 718 2472 marimum
735 2409 904 2472 existimaus
926 2421 1095 2491 quaestum,

181 2521 344 2566 memorem
370 2515 544 2588 gratumque
561 2505 720 2584 cognosci,
745 2506 892 2588 simulque
915 2507 1046 2587 aperire,
1065 2527 1098 2570 se

178 2619 239 2661 non
257 2600 404 2678 fortunae,
425 2602 477 2663 sed
490 2602 659 2664 bominibus
674 2603 769 2666 solere
787 2621 851 2665 esse
862 2602 1001 2665 amicum.
1015 2601 1099 2676 Quae
1202 2602 1206 2608 “

179 2716 246 2760 oum
265 2698 404 2776 faciebat,
424 2717 594 2762 namneum
612 2699 752 2781 temporis
764 2718 853 2762 causa
868 2699 916 2782 (5)
929 2699 1028 2781 facere
1045 2720 1099 2781 pe·

178 2803 254 2858 terat
272 2793 450 2858 existimare.
469 2779 585 2859 Nemini
603 2796 682 2861 enim
701 2795 733 2857 in
755 2796 924 2877 opinionem
946 2795 1095 2876 veniebat,

177 2891 339 2955 Antonium
356 2910 453 2955 rerum
473 2893 646 2974 potiturum.
663 2891 721 2956 Sed
738 2894 842 2955 sensus
859 2893 923 2956 eius
940 2912 958 2955 a
972 2895 1098 2957 nonnul·

177 2988 214 3052 lis
223 2988 413 3071 optimatibus
424 2991 707 3073 reprehendebatur,
721 2990 799 3072 quod
812 3009 915 3071 parurn
927 2990 1023 3053 odisse
1036 3010 1098 3054 ma·

206 3170 238 3231 ql)
254 3172 481 3230 Numquamroeata
496 3173 604 3222 fueritin
621 3173 749 3233 indlolum,
764 3173 825 3222 datis
848 3173 947 3222 vadibus
966 3173 1041 3222 affore
1063 3185 1096 3238 ta,

176 3239 236 3298 quin
251 3241 339 3287 ,titicus
353 3242 387 3287 illi
402 3255 447 3302 ope
458 3244 605 3291 subveniret.

211 3307 241 3363 (2)
254 3311 312 3354 Cum
327 3321 438 3369 prospera
449 3312 483 3357 illi
493 3305 587 3358 fortuna
598 3311 691 3358 faveret.

209 3375 241 3432 ld)
256 3376 325 3424 Cuius
340 3377 406 3425 fundi
421 3381 521 3439 pretium
536 3383 597 3427 emet
610 3379 747 3427 solvendum
761 3377 911 3427 certafntura
925 3378 974 3429 die.

209 3442 242 3501 lt)
255 3441 288 3487 Cf.
304 3444 382 3492 adnot.
397 3445 427 3491 od
442 3457 493 3505 cap.
509 3447 535 3493 rl.

208 3511 240 3572 lb)
255 3511 314 3559 ital:
329 3513 509 3561 Acconcioudosl
516 3514 552 3562 nel
561 3517 635 3573 tempo
646 3517 763 3560 coventre.
