2452 3938
393 287 479 334 rmus
495 284 660 332 romonms
679 274 809 334 'arrrcus
1003 267 1063 330 183

139 385 327 468 complesset,
341 388 429 462 atque
445 381 480 442 ad
500 388 660 441 extremam
674 385 871 454 senectutem,
885 395 945 438 non
963 376 1064 439 minus

139 485 297 562 dignitate,
322 497 411 560 quam
439 478 533 556 gratia
562 477 740 556 fortunaque
768 474 924 552 creuisset3
954 472 1063 536 multas

139 580 219 642 enim
234 576 412 640 hereditates
430 575 511 637 nulla
525 573 582 635 alia
601 591 644 649 re,
661 590 750 654 quam
768 571 912 647 bonitate,
932 579 978 634 est
993 588 1064 632 con-

138 684 270 752 secutus,
292 683 430 754 tantaque
457 671 652 752 prosperitate
677 689 748 732 usus
766 676 844 731 esset
871 667 1047 732 valetudinis

138 781 172 833 ut
190 771 275 834 annis
300 769 419 848 triginta
436 767 584 831 medicina
603 786 662 828 non
682 766 874 844 indiguisset:
895 774 999 828 uectus
1018 773 1074 829 esti

139 868 288 943 morbum,
304 884 392 947 quem
405 865 490 927 initio
509 865 618 944 etipse
637 871 666 925 et
678 863 787 926 medici
804 870 1060 944 contempserunt:

138 983 207 1027 nam
226 973 366 1045 putarunt
384 981 449 1024 esse
466 969 621 1024 tenesmon
637 960 703 1042 (f):
723 960 772 1022 cui
789 961 920 1023 remedia
938 959 1074 1037 celeria„

137 1061 296 1141 faciliaque
310 1059 563 1141 proponebantur.
578 1057 611 1121 ln
631 1058 687 1120 boc
704 1076 771 1120 oum
790 1065 849 1119 tres
862 1076 977 1121 menses
996 1057 1068 1121 sine·

138 1155 206 1218 ullis
224 1155 393 1230 doloribus,
413 1162 620 1236 praeterquam
642 1174 717 1235 quos
735 1173 770 1216 ex
788 1154 940 1217 curatione
957 1154 1059 1236 sapie·
1117 1165 1121 1171 ’

137 1251 206 1328 bat,
227 1253 474 1333 consumpsisset;
502 1251 600 1314 subito
619 1259 701 1313 tauta
720 1252 763 1313 vis
788 1251 885 1313 morbi
910 1249 941 1312 iu
967 1251 1075 1313 imum*

136 1349 308 1410 intestinum
327 1349 472 1431 prorupit,
500 1358 533 1412 ut
551 1358 681 1411 extremo
707 1356 840 1430 tempore
864 1367 916 1430 per
942 1349 1061 1410 lumbos

138 1446 234 1523 fistula
253 1445 348 1526 putris
370 1447 514 1526 eruperit.
534 1446 630 1527 Atque
654 1446 710 1508 boc
734 1447 906 1527 priusquam
926 1446 954 1508 ei
979 1445 1077 1508 acci-··

138 1542 237 1619 deret,
256 1551 410 1624 postquem
430 1543 461 1604 in
485 1543 548 1605 dies
572 1544 689 1605 dolores
713 1561 881 1605 accrescere
903 1543 1061 1626 febresque

138 1640 297 1702 accessisse
315 1640 419 1718 sensit;
439 1640 596 1720 Agrippam
608 1659 749 1718 generum
768 1640 804 1701 ad
820 1659 851 1702 se
866 1640 975 1703 arcessi
994 1641 1059 1702 ius-

137 1737 186 1812 sit,
206 1745 235 1798 et
251 1756 319 1799 cum
335 1756 370 1799 eo
388 1736 512 1797 Lucium
528 1736 696 1798 Cornelium
716 1737 853 1813 balbum,
879 1736 1060 1820 Sextumque

137 1831 337 1893 Peducaeum.
358 1831 418 1892 Hos
436 1842 469 1893 ut
485 1832 598 1893 venisse
616 1833 704 1909 uidit3
725 1833 756 1893 in
779 1834 910 1895 cubitum
928 1834 1057 1898 innixus:

136 1935 298 2004 quantem,
317 1926 431 2008 inquit,
460 1945 564 1990 cerere
582 1929 823 2008 diligentioresque
841 1930 1061 1994 invaletudine

135 2040 200 2084 areo
224 2024 336 2085 tuendo
358 2025 411 2086 boe
434 2034 560 2104 tempore
581 2025 786 2101 adhibuerim,
815 2044 882 2089 cum
905 2045 954 2089 eos
976 2035 1059 2091 testes

134 2119 270 2195 frobeorre,
301 2121 378 2183 nibil
399 2138 512 2183 necesse
532 2121 669 2201 pluribus
695 2125 789 2186 verbis
813 2141 1058 2188 commemorare:

135 2217 242 2293 quibes
259 2217 417 2294 proniora,
447 2224 481 2279 ut
501 2235 595 2298 opero,
618 2221 764 2300 satisfeci,
791 2221 924 2299 oibilqrre
950 2222 1060 2302 reliqui

132 2312 201 2388 feci,
226 2315 303 2391 quod
319 2314 359 2376 od
377 2316 548 2377 secondum
570 2333 615 2378 me
629 2317 807 2396 pertineret,
826 2318 975 2398 reliquum
1002 2327 1055 2396 est,

135 2417 166 2469 et
183 2418 293 2489 egomet
310 2410 385 2473 rrrr'lri
400 2411 560 2474 cometem.
588 2413 624 2476 fd
639 2431 689 2475 eos
706 2415 849 2495 ignorare
861 2415 958 2478 nolui.
979 2418 1057 2480 Nom

134 2504 391 2587 ministrantem
413 2508 548 2570 morbum
569 2510 712 2572 desinere.
738 2512 872 2591 Namque
895 2513 1058 2576 hisdiebus

133 2600 275 2679 quidquid
292 2603 349 2666 eibi
364 2605 496 2684 sampsi,
515 2605 558 2667 ito
573 2606 706 2685 produci
728 2609 840 2685 oitorrr,
864 2616 898 2672 ot
916 2611 1056 2673 necerim

132 2697 244 2759 dolores
260 2698 324 2760 cirre
340 2717 389 2784 spe
413 2701 530 2763 soletis.
552 2701 650 2776 Quare
675 2704 791 2766 euobis
811 2714 896 2785 peto,
921 2708 1056 2786 primum

131 2799 166 2854 et
184 2794 339 2857 coralium
351 2797 479 2874 probetis
496 2816 613 2873 meum;
633 2801 738 2863 deiude
755 2819 794 2864 ree
806 2800 935 2882 frustra,
952 2799 1056 2866 cieber-

132 2891 236 2964 torrdo,
254 2892 468 2974 coemeterii).

172 2983 258 3047 XXII.
279 2984 339 3048 Hac
354 2989 487 3051 oratione
505 2989 618 3068 habita,
631 3000 713 3054 tanta
731 2994 898 3057 constantia
912 2996 992 3058 vocis
1010 3006 1055 3058 at·

131 3068 188 3160 quie
205 3083 314 3159 vultus,
334 3093 367 3146 nt
384 3104 443 3147 non
462 3104 497 3148 er
514 3087 585 3166 vita,
604 3089 655 3152 sed
670 3108 706 3152 ex
722 3090 811 3154 domo
829 3092 860 3154 iu
878 3092 999 3155 domum
1012 3094 1054 3156 ri·

130 3178 248 3240 deretur
266 3176 404 3260 migrare;
421 3200 488 3246 cum
506 3185 625 3266 quidem
643 3187 771 3270 Agrippa
790 3208 858 3251 eum
873 3192 947 3253 flens
964 3200 1055 3273 atque

160 3296 192 3352 (f)
209 3300 295 3345 Graece
309 3312 354 3347 vox
370 3302 528 3370 (rrrrecpdsk
541 3307 576 3352 est
590 3307 685 3354 morbus
700 3310 752 3369 imi,
762 3312 866 3370 rectique
877 3313 994 3374 lntesttnl,
1004 3325 1054 3372 quo

131 3365 239 3442 frequens
252 3369 287 3412 est
300 3368 422 3417 desidendi
436 3371 561 3431 cupiditas:
578 3377 612 3421 est
627 3376 704 3422 autem
723 3387 737 3421 a
754 3376 824 3424 verbo
841 3385 925 3443 retra,
941 3380 1052 3438 eerermo,

130 3443 187 3490 qum
202 3434 336 3481 intestinum
352 3437 485 3484 extenditur
499 3440 523 3486 et
534 3441 659 3488 vellicatur.

162 3496 194 3558 (2)
206 3498 263 3546 ltala
281 3500 326 3547 clue
343 3516 390 3549 nou
403 3504 499 3560 faetore
516 3519 586 3566 opera
596 3522 658 3556 eona
676 3512 877 3570 eecoortgttorrrrt.
923 3488 926 3492 ⁴
