2452 3938
486 266 656 315 sestaronus
992 252 1032 316 53

100 363 208 440 iriam,
238 362 288 426 sed
310 361 449 424 inimicos
467 380 551 440 suos,
577 362 688 425 bellum
711 363 813 441 gessit,
843 362 920 445 quod
940 361 1031 424 iidem

102 461 208 523 hostes
223 468 322 522 essent
341 458 467 520 civitati:
484 459 574 535 Nom,
591 476 659 522 com
670 460 879 540 intemperant,
892 476 922 521 so
929 456 1046 538 ploti-⁸

100 574 189 620 mom
199 557 340 638 prodesse
350 572 435 634 posse
452 556 638 634 reipublicae,
657 572 695 618 eoo
712 573 748 619 eo
768 556 893 631 eiecisse,
909 556 1033 635 piosque

101 655 171 717 icoo
181 670 253 717 snae
264 669 354 732 onom
367 654 492 714 utilitati
503 654 652 716 commoni
661 654 809 732 paroisse.
825 653 928 732 linque
944 652 1033 713 huius

102 750 232 813 consilio
250 749 478 812 Lacedaemonii
505 767 572 810 cum
601 749 760 812 Persarum
778 767 847 829 rega
869 748 1031 810 amicitiam

101 850 266 910 iecerunt:
296 846 403 908 deinde
427 847 576 909 Deceliam
595 845 642 926 (t)
666 847 697 908 in
720 847 817 908 Attica
844 845 1029 920 munierunt,

104 943 316 1026 praesidioque
333 951 476 1025 perpetuo
491 943 534 1004 ibi
550 943 658 1024 posito,
677 944 709 1005 in
728 944 882 1005 obsidione
900 941 1111 1014 Athenaeum

104 1048 280 1103 tenuerunt.
299 1040 441 1101 Eiusdem
457 1059 547 1120 opera
564 1039 678 1103 ioniam
691 1040 739 1121 (ἓ)
755 1060 773 1101 a
790 1040 931 1101 societate
950 1055 1033 1100 aver-

87 1162 90 1167 ·
105 1144 208 1200 terunt
220 1135 458 1199 Atheniensium:
476 1155 535 1216 quo
550 1137 641 1213 iacto,
658 1139 751 1198 multo
769 1135 939 1218 superiores
954 1135 1032 1197 helio

105 1253 174 1298 esse
192 1241 366 1314 coeperunt.

149 1330 186 1394 V.
205 1330 308 1413 Neque
335 1330 404 1393 reio
426 1330 473 1391 his
496 1332 587 1393 rebus
606 1339 665 1393 tarn
690 1329 778 1392 amici
801 1328 946 1391 Alcibiadi
965 1336 1035 1390 suut

107 1428 195 1506 iacti,
211 1445 301 1509 quam
318 1427 427 1490 timore
444 1428 482 1490 nh
498 1446 534 1489 eo
552 1428 672 1491 alienati
686 1428 745 1511 (3).
761 1425 848 1503 Nam,
866 1445 933 1488 cum
946 1443 1033 1489 acer-

106 1527 178 1590 rimi
191 1525 246 1587 uiri
257 1532 455 1605 praestantem
471 1526 658 1605 prudentiam
674 1527 705 1587 in
720 1525 860 1587 omnibus
877 1524 967 1585 rebus
985 1541 1035 1584 co·

106 1631 296 1703 gnoscerent,
319 1622 548 1702 pertimuerunt,
573 1640 623 1701 ne,
643 1623 766 1685 caritate
783 1622 897 1704 patriae
915 1622 1032 1699 ductus,

107 1721 272 1803 aliquando
290 1719 328 1782 ab
340 1719 418 1799 ipsis
437 1721 625 1799 descisceret,
645 1732 759 1783 etcum
778 1722 841 1783 suis
859 1722 890 1783 in
910 1720 1034 1799 gratiam

106 1818 231 1882 rediret.
256 1817 359 1899 ltaque
382 1826 500 1900 tempus
522 1817 587 1880 eius
604 1818 802 1880 interficiendi
825 1835 969 1900 quaerere
986 1815 1036 1876 in·

108 1916 285 1979 stituerunt.
304 1916 336 1978 ld
354 1916 500 1979 Alcibiadi
526 1915 638 1977 diutius
657 1915 747 1977 celari
767 1934 827 1978 non
845 1914 952 1996 potuit3
974 1920 1037 1975 erat

110 2014 193 2076 enim
212 2031 247 2075 ea
265 2015 446 2091 sagacitate,
465 2024 499 2074 ut
521 2013 618 2093 decipi
642 2029 702 2075 non
730 2020 841 2093 posset,
861 1998 1035 2093 praesertim

111 2129 181 2172 cum
197 2111 331 2174 animum
349 2110 522 2173 attendisset
541 2111 578 2171 ad
597 2111 770 2173 cavendum.
792 2109 896 2189 Itaque
914 2109 950 2171 ad
968 2107 1037 2169 Tis-

105 2200 305 2288 saphernem,
318 2208 499 2290 praefectum
511 2208 589 2286 regis
598 2207 679 2269 [larii
687 2206 745 2288 (d),
755 2225 788 2269 se
800 2206 935 2269 contulit.
948 2204 1038 2269 Cuius

110 2324 181 2370 cum
199 2307 232 2367 in
249 2305 384 2368 intimam
410 2305 572 2368 amicitiam
592 2306 795 2386 pervenisset,
821 2314 852 2368 et
871 2305 1037 2368 Athenien-

111 2403 206 2481 sium,
226 2404 303 2477 maie
317 2405 407 2482 gestis
417 2402 562 2467 in·Sicilia
578 2402 681 2481 rebus,
699 2424 771 2487 opes
784 2421 953 2481 senescere,
969 2422 1040 2465 con·

112 2512 160 2565 tra
175 2499 479 2565 Lacedaemoniorum
494 2521 638 2580 crescere,
658 2503 782 2583 videret,
802 2503 889 2566 initio
906 2521 973 2565 cum
991 2499 1039 2563 Pi·

145 2749 179 2809 (t)
193 2751 280 2808 Pagum
296 2749 393 2797 cierme
409 2752 432 2797 et
446 2762 475 2797 xx
489 2750 569 2797 stadiis
583 2750 614 2796 ab
630 2750 805 2799 Atheniensium
821 2752 882 2798 urbe
897 2751 1040 2805 distantem,

113 2829 188 2875 quam
203 2820 328 2877 propterea
339 2831 355 2864 o
368 2820 469 2865 terrestri
484 2820 614 2864 commeatu
630 2819 775 2877 prohibebat

146 2886 178 2943 θ)
193 2886 260 2930 Asiae
278 2887 374 2931 minoris
387 2886 511 2946 provincia
525 2885 599 2933 iuitu
616 2887 796 2931 Phocaeensium
811 2885 870 2931 urba
888 2886 911 2930 et
926 2885 1042 2931 Hermaeo

115 2956 172 3000 sinu
187 2953 219 2999 ad
233 2953 417 3016 sinumlooium3
434 2954 495 3000 lonii
509 2959 687 3014 occupaverant,
705 2954 786 2999 eadem
801 2956 872 3010 atque
890 2952 1041 2998 Athenienses

115 3023 188 3080 stirpe
204 3023 319 3080 prognati,
334 3033 362 3067 en
376 3022 451 3078 iisque
466 3020 552 3067 iactum
568 3023 657 3078 regioni
672 3022 750 3066 ioniae
765 3031 859 3065 nomen.

149 3090 180 3143 ιδ)
196 3091 283 3148 Nempe
298 3091 409 3147 spartum.

149 3160 178 3212 ut
196 3158 278 3202 Darius
293 3156 345 3215 hic,
361 3156 458 3201 huiusce
473 3157 574 3200 nominis
589 3156 660 3213 aiter,
676 3155 813 3212 Artaxerxis,
829 3153 965 3210 Longimnni
980 3153 1043 3200 fliius

117 3225 171 3277 iuit.
186 3237 267 3270 verum
282 3237 311 3270 ax
326 3226 447 3280 illegitima
458 3218 532 3269 'uxore
550 3227 679 3282 susceptus.
699 3225 761 3270 (teus
775 3225 852 3268 nutem
864 3225 898 3267 est
913 3221 1043 3280 appellatus

118 3296 243 3350 antequam
258 3303 333 3349 regno
347 3294 473 3351 potiretur,
489 3289 610 3336 interiecto
625 3291 697 3337 tratre
719 3289 851 3348 sogdiano,
876 3291 935 3349 qui,
955 3291 1044 3347 etipse

111 3362 214 3419 spurius
229 3359 326 3406 Xerxem
340 3359 366 3415 it,
383 3362 511 3416 legitimum
528 3360 650 3405 nrtonersis
659 3359 781 3416 heredem,
796 3370 869 3414 regno
884 3359 976 3414 vitaque
988 3369 1043 3416 spo·

120 3430 227 3476 fleverat.
243 3428 323 3473 Darius
339 3428 377 3474 hic
393 3428 482 3474 unctos
495 3429 563 3473 etiam
576 3412 661 3484 gestan
676 3429 807 3488 vocabuio,
827 3427 887 3472 idest
900 3429 995 3482 sportas
1009 3425 1045 3471 est

121 3498 261 3556 appellatus.
