2452 3938
455 237 661 286 runasxnuuns
982 233 1022 297 0ss

93 331 215 408 Critias,
235 329 293 394 dux
307 337 510 412 tyrannorum,
530 352 597 394 cum
610 333 730 417 quidem
742 334 917 399 exadversus
931 337 1023 404 Thra·

91 418 234 512 syhulum
254 428 416 492 fortissime
434 439 590 511 pugnaret.

138 525 190 589 lll.
206 525 269 588 Hoc
287 525 415 604 deiecto,
433 525 597 591 Pausanias
612 528 692 591 veuit
709 529 814 592 Atticis
833 531 954 608 auxilio,
971 505 1099 602 rexai'uii

92 624 400 689 Lacedaemoniorum
413 623 473 706 (l).
500 624 544 702 ls,
571 626 650 689 inter
677 625 891 708 Thrasybulum
917 638 946 691 et
970 649 1021 693 eos

93 725 149 807 qui
169 723 273 786 urbem
286 721 437 800 tenebant,
458 723 529 785 fecit
545 742 648 804 pacem
662 724 707 787 bis
726 725 957 789 conditionibus:
983 746 1021 790 ne

93 821 161 904 qui,
176 829 293 903 praeter
305 820 424 900 triginta
443 829 595 901 tyrannos,
615 831 644 884 et
658 822 760 887 decem
778 823 837 906 (h),
849 823 902 906 qui
919 834 1022 906 postea

92 926 248 1003 praetores
273 917 389 994 creati,
424 918 587 1000 superioris
616 937 698 982 more
728 921 911 985 crudelitatis
936 930 1022 985 erant

94 1017 157 1094 usi,
181 1014 380 1105 adficerentur
398 1015 498 1094 exilio;
517 1034 592 1078 nere
608 1016 687 1079 bona
705 1017 939 1100 publicarentur:
963 1021 1021 1083 rei·

92 1113 234 1198 publicae
251 1112 421 1194 procuratio
436 1115 547 1195 populo
560 1113 744 1178 redderetur.
762 1115 950 1179 Praeclarum
963 1119 1020 1180 hoc

93 1230 217 1295 quoque
233 1209 423 1292 Thrasybuli,
443 1211 522 1291 quod
543 1211 735 1274 reconciliata
753 1231 841 1294 pace,
864 1231 930 1275 cum
951 1215 1019 1294 plu-

92 1309 205 1371 rimum
221 1308 253 1370 iu
272 1307 388 1371 civitate
401 1317 511 1390 posset,
531 1311 625 1388 legem
641 1310 718 1372 tulit:
735 1303 779 1376 Ne
791 1311 856 1390 quis
874 1317 1021 1374 outeucto·

92 1423 284 1470 cumrerum
302 1415 503 1483 accusaretur,
519 1426 591 1471 ueoe
606 1409 812 1472 mulctaretur.
831 1406 964 1490 Eamque
976 1408 1020 1471 illi

93 1505 191 1582 legem
210 1501 368 1566 oblivionis
387 1504 434 1585 (3)
454 1507 651 1586 appellarunt.
668 1506 771 1587 Neque
781 1523 852 1568 nero
868 1505 943 1567 hanc
957 1513 1021 1567 tan-

93 1610 160 1664 tum
177 1600 332 1663 terendam
346 1603 470 1679 curavit,
484 1603 535 1665 sed
552 1603 640 1666 etiam
657 1612 689 1666 ut
702 1604 812 1666 valeret
825 1601 931 1666 effecit.
946 1601 1020 1664 Nam

94 1717 164 1762 curn
181 1698 304 1780 ,quidam
334 1717 370 1759 ex
387 1698 454 1777 bis,
473 1701 525 1782 qui
543 1701 632 1764 simul
651 1721 719 1763 cum
738 1720 774 1764 eo
796 1701 828 1763 in
846 1701 933 1763 exilio
952 1702 1020 1764 fue-

93 1803 177 1872 raut,
195 1795 317 1859 caedem
336 1796 435 1858 tacere
447 1815 549 1860 eorum
561 1799 681 1876 vellent,
701 1818 768 1862 cum
781 1800 890 1882 quibus
906 1799 938 1860 iu
955 1817 1022 1877 gra-

93 1895 171 1957 tiam
187 1893 315 1957 reditum
332 1902 406 1971 erat,
427 1894 545 1976 publice
559 1895 729 1977 prohibuit:
749 1905 778 1960 et
795 1896 838 1974 id,
858 1896 937 1978 quud
953 1895 1021 1977 pol-

93 1990 198 2054 licitus
217 1998 292 2068 erat,
312 1990 470 2073 praestitit.

140 2084 190 2151 IV.
211 2086 287 2150 Huic
300 2106 354 2170 pro
372 2090 462 2179 tantis
477 2090 589 2154 meritis
606 2091 730 2154 honoris
747 2110 857 2154 corona
875 2111 892 2153 a
912 2089 1027 2172 populo

95 2186 169 2250 date
187 2194 250 2264 est,
269 2185 347 2275 lapte
366 2183 481 2249 duabus
497 2189 617 2266 virgulis
639 2188 793 2268 oleaginis.
818 2187 915 2265 Quae,
943 2186 1023 2270 quod

95 2303 185 2349 amor
201 2283 322 2360 civium,
345 2302 405 2347 uon
426 2285 482 2361 ris,
502 2295 697 2368 expresserat,
721 2286 833 2348 nullam
852 2285 956 2349 hahuit
971 2285 1030 2348 in·-

94 2382 223 2465 uidiam,
234 2401 400 2466 magnaque
411 2383 468 2446 tuit
478 2383 571 2463 gloria
583 2384 642 2467 (h).
655 2383 736 2448 Beue
747 2403 816 2465 ergo
830 2382 962 2448 Pittacus
974 2382 1029 2466 (5)
1110 2454 1116 2470 .

133 2586 166 2645 (l)
176 2588 217 2634 illc
232 2601 287 2635 oum
302 2591 406 2635 exercitu
420 2591 503 2636 contra
518 2589 668 2636 Athenienses
682 2590 765 2636 missus
779 2590 842 2646 (παις
857 2589 897 2636 sed
912 2599 1024 2646 arrogan-

98 2659 151 2704 tiae
165 2657 277 2716 Lysandri
291 2657 421 2717 pertaesus,
440 2659 509 2704 simul
525 2659 548 2704 et
562 2658 737 2708 Atheniensium
758 2657 916 2704 misericordia
930 2659 1026 2715 motus,

97 2738 141 2773 res
154 2724 314 2784 motionesque
326 2727 387 2771 inter
400 2725 454 2775 illos
462 2727 635 2785 componendas
649 2739 707 2787 pace
722 2729 817 2771 curavit.

133 2791 167 2854 (2)
182 2786 288 2852 hxpuisis
299 2793 395 2849 triginta
409 2795 529 2853 tyrannis,
545 2793 688 2842 decemviros
701 2794 747 2839 sibi
761 2793 910 2839 Athenienses
931 2802 1026 2837 creare·

99 2860 165 2918 rant,
180 2860 222 2916 qui
236 2859 343 2919 priorum
355 2859 455 2916 vestigiis
468 2861 575 2906 insistere
590 2873 639 2907 nou
654 2860 800 2906 dubitarunt.

134 2926 165 2984 β)
180 2927 312 2986 auantiae,
324 2927 462 2994 ἄμνηστζας,
475 2926 505 2973 ab
520 2946 536 2975 α
546 2929 657 2988 privativo
666 2928 691 2973 et
699 2927 772 2973 verbo
783 2930 897 2988 pactapact,
907 2925 1026 2970 recordor.

134 2993 167 3055 (dt
181 2993 291 3040 iuvidiam
311 3007 425 3053 namque,
441 2996 544 3042 Cornelii
558 2995 649 3053 aetate,
660 2994 752 3039 Caesari
770 2995 809 3040 lita
825 3005 913 3039 corona
931 2993 1026 3038 contre·

99 3062 186 3120 xerat,
200 3074 270 3119 quam
286 3060 396 3108 Antonius
410 3062 615 3120 inabupercaitbus
627 3061 728 3106 tribuere
742 3059 820 3106 iuerat
831 3071 907 3104 ausus.

135 3128 168 3188 (5)
183 3131 252 3176 Sexto
266 3129 337 3176 terme
351 3129 432 3175 seculo
455 3132 509 3176 ante
523 3130 640 3176 Christum
656 3131 750 3188 uatum,
766 3129 913 3188 superiorum
935 3128 1027 3187 tempo·

100 3209 158 3245 rum
172 3197 269 3255 ealigine
290 3199 313 3243 et
335 3195 439 3242 barbarie
454 3208 529 3256 paene
544 3196 639 3241 dixerim
658 3198 750 3254 exucta,
769 3197 878 3242 Graeciae
893 3197 978 3255 passim
993 3197 1027 3240 ci·

101 3265 187 3312 ritates
198 3254 283 3322 magno
298 3263 447 3309 humanitatis
460 3265 569 3310 instinctu
588 3277 612 3310 se
627 3264 719 3320 legibus
731 3264 885 3321 institutisque
900 3264 1028 3322 coeperant

101 3343 250 3391 comparare.
263 3330 358 3389 Pittaco,
373 3329 494 3387 Mitylenae
509 3333 561 3376 orio
577 3330 656 3390 (nuuc
677 3331 817 3392 Metettiool,
834 3343 895 3388 quaa
911 3331 968 3377 urbs
982 3329 1028 3377 tuit

102 3399 174 3447 Lesbi
187 3399 279 3446 insulae
293 3398 375 3458 caput,
391 3399 428 3444 sui
442 3399 505 3445 cives
519 3389 632 3445 sdmmum
645 3412 723 3446 rorum
738 3400 881 3460 detulerant,
896 3402 923 3445 ut
937 3399 1029 3456 legibus

101 3468 259 3527 componeret
271 3464 374 3512 turbatas
391 3466 533 3525 reipublicae
547 3478 591 3514 res.
606 3468 658 3526 Quo
675 3469 700 3514 lu
720 3479 816 3514 munere
830 3467 940 3514 obeundo
954 3468 984 3513 lta
996 3468 1030 3514 ci·
