2452 3938
466 159 632 208 amouimus
969 145 1010 208 85

71 248 207 316 barzani
224 250 272 335 (l)
284 250 373 314 simul
392 271 459 316 cum
476 236 611 332 Agesilao
626 250 735 315 auxilio
753 249 902 334 proiectus
920 262 975 332 est3
992 273 1010 316 a

70 366 144 432 quo
160 366 229 411 cum
243 347 320 411 Laco
338 349 495 431 pecuniam
513 356 699 413 numeratam
714 349 888 430 accepisset,
907 348 958 412 ille
969 350 1010 413 ci·

69 462 223 509 vesanos
247 462 315 523 agro
342 456 431 527 atque
461 445 585 508 urbibus
610 446 711 524 augeri
730 444 851 523 maluit,
871 463 959 527 quam
979 445 1009 508 id

71 558 218 618 sumere,
237 540 323 604 cuius
342 550 454 623 partem
477 542 598 605 domum
614 561 698 606 suam
718 543 796 606 lerre
813 551 924 630 posset.
944 539 1007 607 Ita-

75 655 145 721 que
168 638 284 719 accepit
297 637 449 701 Crithoten
472 648 502 701 et
524 636 639 702 Sestum
664 638 724 721 (b).

121 733 267 806 ibidem
286 735 373 797 classi
387 737 566 817 praefectus,
585 735 808 799 circumvehens
817 731 1009 817 Peloponne-

77 842 163 909 sum,
177 829 356 894 Laconicam
375 832 546 914 populatus,
560 834 684 896 classem
696 851 798 897 eorum
819 834 866 915 (3)
886 833 1006 912 fugavit.

78 926 240 1010 Corcyram
262 928 318 991 sub
336 929 495 1012 imperium
513 920 747 994 Atheniensium
756 931 882 1010 redegit:
899 931 1011 994 socios·

81 1025 240 1106 elucidem
267 1026 399 1089 adiunxit
424 1026 573 1108 Epirotas,
592 1027 785 1105 Athamanas,
801 1027 935 1091 Chaonas
947 1027 1007 1107 (l),

84 1139 251 1203 omnesque
273 1141 323 1184 aas
340 1133 461 1202 gentes,
480 1142 557 1205 quae
579 1141 660 1186 mare
678 1124 751 1187 illud
778 1123 924 1186 adiacent.
944 1121 1009 1195 Quo

85 1220 165 1283 lacto
182 1217 413 1282 Lacedaemonii
429 1220 466 1282 de
483 1220 599 1283 diutina
613 1222 802 1285 contentione
818 1220 1008 1299 destiterunt,

86 1326 114 1380 et
132 1335 190 1379 sua
212 1325 317 1397 sponte
334 1316 565 1381 Atheniensibus
584 1318 705 1399 imperii
727 1317 870 1382 maritimi
893 1316 1008 1399 princi-

86 1423 187 1496 patum
210 1421 439 1492 concesserunt;
460 1432 624 1496 pacemque
641 1415 689 1477 his
705 1415 820 1494 legibus
842 1415 1008 1477 constitue-

86 1510 717 1589 mnt,‘utdtbcnicnsesmariducesesscnt.
733 1511 814 1584 Quae
824 1511 947 1574 victoria
959 1510 1006 1592 (5)

88 1616 186 1671 tantae
204 1607 262 1670 luit
277 1609 381 1671 Atticis
399 1609 547 1687 laetitiae,
565 1618 599 1671 ut
621 1618 683 1672 tum
703 1610 832 1691 primum
851 1626 921 1672 arae
939 1607 1009 1671 Paci

89 1705 206 1788 publice
223 1705 283 1768 sint
296 1705 401 1783 iactae,
423 1707 510 1788 eique
524 1706 597 1770 deae
614 1707 751 1789 puluinar
770 1706 817 1788 (d)
837 1707 875 1769 sit
886 1705 1009 1768 institu-

88 1809 160 1867 tum.
180 1801 272 1867 Cuius
290 1803 386 1866 laudis
403 1812 437 1865 ut
455 1804 598 1867 memoria
617 1812 762 1883 maneret,
781 1802 936 1866 Timotheo
956 1820 1009 1883 pu-

89 1897 164 1964 blico
180 1908 308 1964 statuam
327 1901 358 1963 in
381 1902 445 1963 loro
464 1910 646 1982 posuerunt3
671 1903 723 1985 qui
749 1901 845 1965 honos
862 1898 932 1962 huic
955 1897 1009 1959 uni

90 2006 156 2061 ante
185 1997 243 2060 hoo
262 2006 378 2079 tempus
401 1998 533 2077 contigit,
551 2005 585 2061 ut
605 2017 672 2060 cum
691 1998 767 2080 patri
785 1997 913 2079 populus
943 2003 1008 2057 sta-

91 2099 168 2157 tuam
187 2094 347 2177 posuisset,
366 2095 427 2158 lilio
443 2113 562 2176 quoquc
579 2095 673 2158 daret.
689 2093 737 2156 Sic
753 2094 833 2156 iuxta
851 2091 948 2174 posita
962 2109 1009 2154 re·

93 2191 228 2255 eene-filii
249 2200 378 2255 veterem
397 2192 490 2273 patris
511 2191 660 2254 renovarit
676 2193 862 2254 memoriam.

128 2287 180 2351 ΠΙ.
196 2286 253 2350 llic
267 2306 334 2351 cum
349 2298 428 2353 esset
439 2307 544 2368 magno
560 2296 643 2365 natu,
658 2296 687 2352 et
706 2288 894 2368 magistratus
906 2303 1008 2367 gerere
1017 2335 1038 2369 ,
1048 2323 1088 2368 ,5,

95 2381 322 2462 amortisatio
339 2384 534 2448 Athenienses
549 2383 684 2477 undique
700 2384 796 2468 premi
812 2393 881 2448 sunt
898 2383 1007 2465 coepti.

94 2474 241 2544 Deiecerat
251 2479 369 2559 Samus;
387 2481 533 2544 descierat
543 2471 765 2564 Hellespontum
781 2480 959 2589 Philippus
950 2496 1011 2543 ram

121 2708 150 2767 tlt
165 2709 225 2768 Qui,
238 2707 349 2766 Phrygiae
364 2707 511 2771 praefectus,
527 2710 586 2756 tulta
604 2721 659 2756 cum
673 2710 779 2815 aegyptio
794 2721 847 2767 rege
866 2707 984 2766 socictate,
998 2717 1012 2751 a

98 2770 166 2823 letale
179 2774 306 2823 deiecerat.

121 2842 152 2901 (2)
164 2843 237 2890 Urbes
252 2843 277 2889 lu
292 2843 452 2903 Hellesponto

122 2908 151 2971 lb)
164 2911 253 2970 Nempe
268 2910 514 2957 Lacedaemoniorum.

123 2977 151 3037 (ll
166 2979 306 3026 Athamanes
320 2979 387 3026 Pindi
401 2980 485 3026 montis
499 2977 579 3025 lauces
590 2978 620 3024 ad
639 2976 771 3024 Thessaliae
785 2976 845 3022 tinec
860 2973 1011 3035 incolebant3

102 3043 199 3094 thrones
214 3058 279 3094 orem
291 3046 351 3093 lonlt
365 3049 434 3094 moris
448 3050 531 3093 contra
545 3048 674 3105 corcyram
1095 3099 1100 3108 ·

124 3115 154 3170 (t)
174 3117 260 3163 havela
286 3117 350 3162 enim
373 3128 428 3163 cum
448 3115 684 3162 Lacedaemoniorum
708 3113 783 3161 classe
801 3113 916 3173 proellum
936 3108 1013 3158 meret

102 3184 240 3232 commissum
251 3184 281 3229 cd
293 3182 406 3231 Leucadio
420 3185 512 3231 insulae
524 3183 707 3247 promontorium
721 3184 802 3229 eontra
813 3182 970 3229 acarnemrm

128 3248 157 3307 itt
169 3249 303 3298 Pulrlnaria
317 3251 395 3296 lectuli
415 3250 481 3298 luere
493 3249 602 3310 ,qulbus
616 3242 718 3297 Deorum
732 3251 798 3308 elgna
811 3248 1014 3296 substernerentur

38 3312 40 3319 '
105 3315 215 3364 renecti
230 3317 371 3365 solemnibus
385 3317 476 3366 diebus.
496 3318 537 3365 llic
552 3325 608 3364 vero
622 3319 764 3364 Graecorum
778 3321 837 3365 ritus
852 3319 920 3364 etium
941 3327 955 3361 a
970 3316 1015 3363 lto·

104 3383 168 3428 umis
182 3385 401 3445 perpetuariter
416 3387 582 3432 lectisternium
598 3385 767 3445 appellabatur
