2452 3938
135 267 176 330 uo
225 246 228 251 .
512 276 687 328 muceranus

173 373 223 438 XI.
240 373 337 451 Hunc,
357 373 533 437 infamatum
552 375 736 456 aplerisque
755 375 803 456 (l)
817 382 876 438 tres
894 374 1065 454 gravissimi

133 472 266 535 historici
282 472 407 534 summis
423 471 562 533 laudibus
580 472 766 534 extulerunt:
786 470 984 552 Thucydides,
1011 476 1065 556 qui

116 569 266 641 ,eiusdem
292 569 397 630 aetatis
425 568 496 630 init:
524 566 734 649 Theopompus
757 567 822 650 (d),
843 569 894 650 qui
912 569 969 632 luit
995 581 1064 651 post

48 705 52 711 -
131 667 282 747 aliquanto
302 675 401 727 natus:
421 673 450 726 et
469 663 608 727 Timaeus
623 665 683 746 (3);
704 665 894 746 quiquidem
914 666 973 728 duo
994 687 1063 730 ma-

128 762 366 839 ledicentissimi,
386 762 566 842 nescioquo
586 762 671 824 modo
696 762 729 823 iu
745 762 797 824 illo
821 782 880 824 rino
907 763 1062 828 laudando

129 868 356 921 consenserunt.
385 859 459 922 Nam
487 878 541 936 ea,
566 878 643 940 quae
670 877 761 939 supra
785 860 932 937 diximus,
959 861 997 923 de
1025 881 1063 925 eo

128 954 350 1037 praedicarunt;
371 963 461 1038 atque
481 957 536 1018 hoc
555 956 695 1037 amplius:
717 975 784 1019 cum
811 956 934 1020 Athenis
953 959 1062 1039 splen-

129 1052 283 1115 didissima
297 1053 415 1117 civitate
427 1062 514 1116 natus
526 1061 616 1131 esset,
629 1072 733 1117 omnes
744 1053 943 1116 Athenienses
958 1057 1062 1136 splen·

129 1150 200 1212 dore
218 1170 252 1212 ac
262 1151 405 1229 dignitate
419 1144 496 1213 iitae
513 1169 683 1232 superasse;
704 1159 860 1232 postquam
873 1151 943 1212 inde
956 1154 1062 1233 erpul-

128 1267 180 1310 sus
197 1246 314 1310 Thebas
335 1248 460 1325 venerit,
480 1248 554 1311 adeo
582 1248 688 1310 studiis
706 1266 809 1310 eorum
828 1248 1001 1325 inservisse,
1026 1260 1061 1313 ut

127 1363 216 1407 nemo
235 1364 303 1406 eum
321 1345 423 1406 labore
441 1344 632 1425 corporisque
661 1344 773 1407 viribus
792 1351 892 1426 posset
910 1347 1060 1427 aequipa-

127 1460 206 1504 rare:
222 1460 324 1502 omnes
336 1442 415 1503 enim
425 1440 539 1502 Bneotii
552 1441 644 1518 inagis
659 1441 792 1502 firmitati
804 1442 950 1523 corporis,
965 1463 1057 1524 quam

127 1538 238 1616 ingenii
264 1538 396 1599 acumini
416 1537 580 1599 inserviunt
599 1537 658 1618 (d).
679 1536 843 1615 Eumdem,
864 1539 940 1620 apud
961 1538 1058 1603 Lace-

38 1637 43 1646 '
127 1634 311 1711 daemonios,
330 1652 457 1714 quorum
476 1633 609 1696 moribus
622 1653 739 1696 summa
753 1635 846 1697 virtus
864 1635 1057 1717 inpatientia

126 1731 306 1813 ponebatur,
325 1732 368 1793 sic
385 1731 512 1794 duritiae
526 1750 559 1792 se
570 1731 698 1808 dedisse,
715 1740 748 1794 ut
763 1733 947 1813 parcimonia
963 1734 1059 1798 rictus

50 1877 53 1881 .
128 1835 218 1908 atque
237 1827 341 1888 'cultus
371 1845 474 1890 omnes
501 1827 752 1890 Lacedaemonios
780 1829 922 1891 vinceret.
952 1825 1059 1894 Fuisse

129 1924 206 2005 apud
225 1922 367 2000 Thracas,
388 1924 523 1986 homines
546 1925 728 2001 vinolentos,
748 1924 897 2006 rebusque
922 1916 1056 1992 venereis

130 2021 256 2099 deditos;
278 2023 331 2085 hos
349 2042 468 2104 quoque
486 2023 518 2084 iu
533 2023 578 2084 his
597 2023 686 2085 rebus
704 2024 910 2086 antecessisse.
929 2022 1056 2089 Venisse

129 2121 166 2183 ad
179 2119 296 2198 Persas,
310 2122 389 2203 apud
407 2141 481 2202 quos
501 2140 617 2184 summa
636 2123 700 2183 laus
715 2129 795 2184 esset
809 2121 924 2184 sortiter
939 2123 1053 2201 venari,

127 2217 278 2281 luxuriose
295 2219 411 2297 vivere;
432 2220 538 2282 horum
556 2219 598 2282 sic
618 2219 765 2281 imitatum
784 2219 1053 2298 consuetudinem,

128 2322 162 2375 ut
178 2315 222 2375 illi
240 2315 297 2395 ipsi
316 2335 384 2377 eum
412 2318 443 2378 in
463 2317 510 2378 his
537 2319 664 2380 manime
689 2316 919 2378 admirarentur.
939 2315 1054 2388 Quibus

126 2409 217 2473 rebus
233 2412 379 2488 effecisse,
405 2420 449 2489 ut,
469 2414 549 2493 apud
574 2432 779 2495 quoscumque
798 2421 887 2490 esset,
914 2414 1053 2497 princeps

126 2514 298 2584 poneretur,
319 2506 538 2587 habereturque
561 2507 744 2570 carissimus.
765 2505 822 2570 Sed
840 2506 912 2568 satis
931 2507 968 2593 de
984 2507 1051 2571 hoc.-

125 2599 268 2682 Reliquos
286 2603 450 2665 ordiamur.
547 2604 551 2611 '

159 2710 189 2772 (l)
206 2712 233 2757 ut
244 2712 275 2758 ab
285 2712 368 2772 Eupoli
382 2713 405 2758 et
419 2712 556 2760 Pherecrate
570 2713 665 2760 comicis
681 2714 762 2773 politis,
778 2713 808 2758 ab
824 2713 957 2772 Antiphone
972 2713 996 2760 at
1009 2714 1053 2774 hy·

126 2778 160 2824 sia
172 2780 315 2827 oratoribus.

156 2847 187 2905 (2)
200 2847 233 2895 De
248 2848 424 2906 Thucydidacf.
441 2849 521 2896 adnot.
543 2850 572 2895 ad
592 2849 702 2903 Themist.
714 2848 733 2907 l;
755 2849 920 2908 Theopompus
936 2848 1052 2896 natusest

124 2916 150 2959 ln
167 2914 243 2962 insula
258 2916 317 2976 unu,
334 2918 438 2978 Philippi
457 2921 481 2963 et
496 2919 617 2965 Alexandri
638 2882 793 2964 hleceddnum
809 2917 969 2978 temporibus,
989 2915 1051 2966 itlius

126 2995 183 3029 varo
198 2995 272 3044 opera
282 2985 454 3033 desiderantur.

155 3053 188 3108 (5)
204 3053 246 3099 llio
267 3058 346 3101 autem
370 3056 474 3114 Siculus,
498 3056 630 3101 Siculorum
644 3067 703 3112 rex,
724 3017 803 3112 l‘prrhi
823 3057 846 3100 et
862 3054 981 3100 Tarentini
995 3053 1051 3100 belli

124 3121 206 3177 aetate,
221 3121 318 3168 historia
332 3090 474 3182 complexus,
485 3125 528 3183 est,
550 3135 621 3182 quam
636 3088 705 3169 atiani
720 3125 811 3181 tempus
825 3121 893 3168 nobis
909 3121 1002 3167 ademit
1017 3123 1051 3169 cl·

125 3197 181 3232 cero
196 3153 261 3233 illum
276 3191 385 3236 laudibus
400 3191 482 3251 effert,
498 3158 632 3250 piaesertim
647 3192 675 3234 do
692 3191 759 3234 Orac.
775 3191 806 3247 rt,
822 3188 869 3248 l53
885 3189 996 3246 aequales
1009 3201 1051 3235 au·

121 3254 184 3313 tem,
200 3257 224 3299 in
241 3256 300 3302 iliius
313 3269 399 3303 nomen
408 3258 605 3317 propteruimtam
617 3257 792 3305 mordacitatem
803 3257 882 3316 iocati,
896 3255 1050 3315 Epitlmeoum

120 3323 267 3379 appellavere
282 3336 390 3380 agnosco
406 3327 477 3372 verbo
495 3327 618 3387 ἐπιτιμάω,
637 3327 740 3380 odiurpo.

154 3389 183 3444 qh
199 3389 262 3447 Apud
278 3390 329 3436 ilios
344 3392 419 3436 tomen
427 3394 545 3438 clarissimi
561 3393 595 3437 itti
610 3391 763 3452 carminibus,
782 3393 860 3451 armis,
870 3393 984 3452 sapientia
999 3404 1049 3439 exs-

122 3455 188 3500 titere
203 3455 325 3514 Hesiodus,
342 3458 422 3516 Cebes,
437 3458 619 3518 Epaminondas,
633 3459 754 3511 Pelopidas
778 3459 894 3519 tementes,
907 3459 1051 3507 Pindaruset

122 3522 239 3583 Corynua,
255 3522 399 3570 Plutarchus.
