2452 3938
200 227 239 291 32
264 211 267 217 ’
558 242 774 289 rurmsnocuus

198 357 266 400 eum
285 338 519 419 venissentque
543 337 590 398 his
604 335 701 399 verbis
720 336 875 416 epistolam
895 335 1023 399 misisse:
1053 337 1125 402 inc-

119 436 338 498 torostoros
358 435 424 497 oeni
440 435 480 497 od
500 443 538 510 te,
555 434 606 512 eoi
616 433 752 513 plurimo
769 433 848 496 mato
861 433 994 496 omnium
1015 434 1123 498 Graio·

196 551 265 596 rum
282 533 317 595 iro
335 533 453 594 domum
468 539 550 594 tuom
568 531 669 607 intuli,
690 548 756 594 eom
769 531 844 592 moui
858 547 971 593 neeesse
987 530 1048 610 [uit
1066 534 1124 596 od-

196 648 299 693 oersus
311 638 427 709 putrem
448 636 532 691 tuum
552 629 670 704 bettore,
690 628 879 708 patriamque
902 645 998 690 ηηηητ
1017 629 1123 710 deton-

195 729 274 789 dere.
296 725 376 789 idem
396 726 487 788 inulto
513 725 606 804 pluro
630 724 799 804 hortatori,
826 732 982 805 postquem
1003 727 1039 788 in
1061 735 1123 792 tuto

195 824 268 902 ipse,
287 832 314 886 ct
330 824 379 886 ilie
395 823 429 885 in
444 824 578 902 perioedo
590 841 650 886 esse
666 823 768 902 coepit.
789 823 868 886 Nom
884 840 951 886 cum
968 823 1002 886 ire
1015 823 1122 889 Arium

194 922 303 982 reverti
317 920 417 995 nollet,
433 921 546 1001 proelio
559 922 639 1001 opud
650 920 806 985 Salamiua
822 919 913 999 forto,
927 919 1036 983 litteris
1053 939 1121 986 eum

194 1018 346 1080 certiorem
359 1018 427 1098 feci,
443 1020 476 1082 id
491 1019 553 1100 oei,
572 1026 606 1080 ut
619 1035 706 1098 pons,
727 1033 812 1095 ouem
829 1017 862 1077 τή
880 1016 1061 1097 Hellesponto
1072 1019 1120 1099 se-

193 1123 284 1189 cerot,
297 1116 514 1194 dissolveretur,
528 1124 614 1195 atoue
628 1115 664 1178 od
675 1115 805 1177 hostibus
822 1114 1048 1190 circumiectum
1064 1133 1121 1197 ouo

194 1213 305 1274 neuntio
323 1213 372 1275 tue
387 1213 519 1294 periculo
536 1222 578 1276 cst
596 1213 747 1276 liberatos.
767 1212 857 1276 Nono
881 1219 979 1274 eutem
997 1215 1120 1296 conferi

193 1309 232 1370 od
248 1319 286 1386 tc,
305 1312 474 1392 eoooitatus
492 1329 511 1374 o
529 1319 634 1373 coneto
654 1310 799 1385 Graecia,
820 1317 902 1371 tuam
923 1316 1021 1388 petens
1039 1313 1119 1374 omi-

192 1407 306 1469 oitc'om:
319 1424 407 1486 ouem
420 1409 446 1469 si
460 1425 510 1469 ero
524 1408 657 1486 adeptus,
671 1424 733 1468 non
745 1406 846 1468 mistus
857 1423 902 1467 me
914 1407 1022 1470 bonrum
1040 1410 1118 1472 emi·

191 1521 259 1564 cum
274 1504 403 1577 notetis,
425 1522 513 1583 quom
530 1504 638 1582 sortem
655 1503 810 1566 inimicum
836 1503 886 1565 ilie
908 1513 1047 1583 ooopertus
1064 1515 1115 1570 est.

155 1624 161 1637 ·
190 1601 237 1682 Eo
257 1609 356 1662 outone
370 1617 454 1682 rouo,
470 1607 504 1663 ut
518 1602 553 1662 de
566 1601 613 1663 tois
624 1602 709 1663 rebus
719 1600 766 1681 (i)
784 1602 819 1662 dc
833 1601 938 1679 ouibus
952 1609 1048 1664 terem
1061 1605 1119 1667 col·

190 1697 273 1776 toqui
290 1698 364 1772 voto,
385 1715 500 1761 anuum
515 1699 589 1760 rotet
605 1699 742 1779 temporis
763 1699 825 1768 des,
844 1715 933 1776 eoque
952 1707 1115 1777 transacto,

189 1811 236 1856 rue
254 1795 293 1857 od
310 1804 336 1856 te
353 1795 456 1858 uenire
467 1796 597 1874 patioris
615 1795 674 1876 (η).

230 1889 267 1953 X.
283 1890 376 1954 Huius
388 1910 439 1953 rex
449 1891 540 1953 animi
552 1891 785 1972 magnitudinem
799 1890 962 1967 admirans,
974 1893 1113 1974 cupiens·

188 2007 247 2070 que
261 1990 348 2052 talem
365 1989 458 2050 virum
474 1989 531 2052 sibi
545 1989 708 2067 conciliari,
720 1989 836 2052 veniam
850 1988 941 2050 dedit.
956 1987 1009 2051 lite
1024 2009 1113 2055 omne

187 2085 262 2146 iilud
276 2095 393 2167 tempus
406 2085 500 2148 literis
516 2086 705 2167 sermonique
720 2085 876 2148 Persarum
893 2084 984 2147 dedit:
1002 2086 1113 2168 quibus

188 2182 262 2245 adeo
281 2182 414 2245 eruditus
433 2192 490 2261 est,
517 2192 549 2246 ut
567 2185 661 2247 multo
684 2183 870 2246 commodius
891 2180 1008 2244 dicatur
1030 2186 1111 2266 apud

187 2299 287 2359 regem
305 2281 395 2344 verba
413 2282 529 2358 iecisse,
550 2301 639 2363 quam
654 2281 684 2342 hi
702 2288 850 2362 poterant,
870 2279 921 2360 qui
940 2279 972 2341 iu
989 2279 1114 2346 Perside
1152 2342 1154 2347 .

186 2386 273 2438 erant
287 2377 360 2439 nati.
379 2376 433 2439 Hic
451 2398 518 2440 eum
535 2380 627 2441 muita
641 2377 704 2457 regi
727 2383 805 2439 esset
822 2376 983 2457 pollicitus,
1002 2378 1114 2456 gratis·

185 2473 356 2555 simumque
373 2475 459 2553 iliud,
478 2476 502 2538 si
518 2478 582 2539 suis
602 2477 643 2539 uti
656 2475 788 2539 consiliis
806 2474 1003 2550 veliet‚i11um
1020 2472 1113 2540 Grae·

185 2572 263 2632 ciam
285 2570 363 2634 helio
389 2592 611 2654 oppressurum,
631 2575 745 2654 magnis
768 2572 947 2638 muneribus
963 2570 1000 2634 ab
1020 2571 1111 2637 Arte·

216 2735 248 2792 tit
260 2736 381 2794 Loquendi
395 2739 455 2785 ratio
469 2749 576 2796 graecum
590 2739 694 2797 syntaxim
710 2738 824 2784 redolens.
839 2738 909 2795 Megis
924 2737 993 2781 iatine
1008 2737 1111 2796 scripsis-

184 2807 230 2849 set:
248 2804 315 2862 Quod
328 2819 384 2852 vero
395 2808 426 2851 od
437 2820 474 2852 ree
486 2811 594 2865 pertinet,
610 2809 666 2865 etc,
683 2820 739 2864 rouo
753 2812 779 2851 ut
791 2809 835 2852 eie.

216 2872 246 2930 (2)
261 2873 325 2918 Hunc
339 2876 460 2932 epistolem
476 2874 524 2921 iere
540 2875 571 2921 ad
592 2875 688 2921 verbum
708 2876 789 2920 Noster
804 2886 817 2919 e
832 2871 963 2919 Thueidide
978 2872 1110 2930 transtulii3

184 2942 210 2985 in
226 2952 273 2998 que
284 2939 308 2986 td
317 2953 364 2987 non
377 2942 525 2989 mediocriter
539 2943 633 3001 quidem
646 2942 806 2988 Themistoclis
816 2939 900 2987 domum
916 2939 1030 2998 deliiunt,
1044 2940 1110 2998 quod

184 3009 315 3067 nuncium,
341 3020 412 3067 quem
433 3010 556 3055 exitiosum
581 3006 654 3056 Xerxi
670 3009 700 3055 de
721 3008 812 3067 proelio
835 3007 865 3053 ed
886 3007 1019 3066 Salamina,
1043 3009 1108 3053 mte-

183 3086 254 3130 qunm
269 3076 409 3122 Graecorum
431 3077 509 3123 eieseie
524 3077 716 3136 dispergeretur,
737 3074 921 3132 committendo,
937 3072 1012 3132 deque
1036 3077 1109 3131 ponte

183 3140 296 3185 sotrendo
311 3143 419 3203 miseret,
436 3155 499 3190 nunc
522 3147 638 3201 tamquam
659 3143 797 3190 beneficium
818 3141 897 3187 Xerxis
912 3141 962 3185 tilio
985 3143 1108 3200 proponat.

184 3206 233 3252 iioe
249 3207 345 3254 minime

418 3275 519 3335 iugegno
534 3278 635 3336 leonino,
652 3289 690 3323 ma
700 3277 724 3324 di
734 3275 803 3335 volpe

183 3355 235 3388 eum
247 3343 337 3389 Graecis
350 3345 441 3402 turpem
454 3345 558 3391 ruiritiue
574 3348 652 3391 notam
666 3345 757 3403 inussit,
773 3346 801 3390 ut
817 3345 939 3404 Romanis,
956 3354 1028 3402 penes
1047 3353 1107 3400 quos

184 3411 265 3455 similia
276 3412 325 3455 sen.
340 3411 460 3469 Tarquinii
472 3415 494 3457 et
509 3413 625 3459 Coriolani
641 3414 745 3472 exempla
760 3412 839 3472 paullo
858 3412 1017 3473 probabiliora
1031 3408 1111 3467 fuere.

184 3478 243 3524 iidcs
258 3490 341 3535 graecu
358 3481 423 3526 iuria
434 3481 457 3525 et
471 3483 559 3539 punicu
570 3483 651 3527 essent.
