2452 3938
182 217 224 280 to
514 233 732 281 rnsnrsromns

180 327 287 414 riculo.
306 325 370 400 Quo
382 327 493 389 lactum
510 337 568 405 est,
583 337 618 389 nt
633 327 671 390 ab
685 328 845 390 Artemisio
860 327 1104 407 discederent,'et

182 424 373 487 exadversum
384 424 432 505 (l)
444 423 587 501 Athenas,
599 422 854 505 apndSalamina,
872 426 998 489 classem
1019 446 1104 490 suam

182 521 408 584 constituerent.

221 617 271 680 lv.
290 617 328 679 At
350 617 471 694 Xerxes,
485 616 690 698 Thermopylis
704 618 890 698 expugnatis,
906 620 1046 700 protinus
1057 640 1106 684 ac·

180 715 270 776 cessit
287 715 359 777 Astu
381 714 440 795 (2):
460 715 565 796 idque,
583 714 673 776 nullis
683 714 925 792 defendentihus,
941 716 1105 780 interfectis

178 811 396 888 sacerdotibus,
412 812 537 893 quosin
552 829 622 885 aree
643 811 808 888 invenerat,
823 811 963 874 incendio
981 813 1102 878 delerit.

178 906 269 971 Cuius
282 908 362 970 lama
375 908 523 990 perterriti
537 908 693 986 classiarii,
709 927 777 970 cum
797 926 918 971 manere
935 929 997 972 non
1013 913 1105 975 aude·

179 1014 259 1081 rent,
281 1015 313 1068 et
333 1005 455 1087 plurimi
472 1006 674 1084 hortarentur,
694 1014 728 1068 ut
750 1006 855 1068 domos
880 1025 951 1068 snas
975 1010 1104 1091 quisque

178 1101 375 1181 discederent,
395 1103 612 1185 moenibusque
621 1121 655 1165 se
668 1103 875 1183 defenderent3
887 1102 1104 1169 Themistocles

178 1218 256 1262 nnus
269 1201 389 1277 restitit,
409 1208 440 1263 et
456 1201 611 1265 universos
624 1219 712 1282 pares
729 1219 795 1263 esse
816 1219 903 1282 posse
921 1201 970 1282 (3)
990 1203 1102 1279 aiebat,

178 1298 326 1380 dispersos
352 1292 516 1361 testabatur
541 1299 701 1379 perituros.
734 1297 827 1380 quue
848 1297 1011 1378 Eurybiadi
1041 1301 1104 1380 regi

176 1392 560 1475 Lacedaemoniomm,.qui
579 1403 640 1456 tnm
659 1413 794 1456 summae
815 1396 933 1476 imperii
952 1404 1102 1477 praeerat,

85 1500 88 1506 ’
176 1491 243 1552 lore
259 1491 434 1565 affirmabat.
451 1489 545 1563 Quem
557 1510 625 1553 cum
641 1488 739 1553 minus
752 1510 842 1572 quam
853 1493 941 1555 vellet
955 1502 1099 1571 moveret,

177 1595 268 1649 noctu
283 1587 425 1650 deservis
442 1588 516 1665 suis,
535 1607 624 1669 quem
644 1588 748 1651 habuit
765 1588 984 1666 fidelissimum,
1005 1591 1043 1651 ad
1057 1609 1103 1653 re·

176 1701 242 1762 gem
256 1684 304 1764 (4)
319 1684 411 1761 misit,
435 1692 469 1746 ut
486 1685 513 1748 ei
538 1685 693 1747 nunciaret
710 1684 773 1747 suis
788 1685 900 1761 verbis,
919 1685 1102 1748 adversarios

176 1781 242 1843 eius
260 1781 293 1842 in
310 1781 379 1860 luga
396 1799 474 1844 esse:
495 1782 547 1863 qui
562 1782 587 1844 si
602 1782 819 1860 discessissent,
835 1782 948 1845 maiore
966 1801 1036 1845 cum
1054 1784 1097 1844 la·

176 1876 259 1940 bore
280 1886 311 1940 et
338 1878 545 1960 longinquiore
574 1888 708 1960 tempore
733 1878 845 1942 bellum
873 1879 1098 1956 coniecturum,

176 1994 268 2057 quum
283 1976 415 2055 singulos
431 1977 596 2039 consectari
613 1987 780 2056 cogeretur:
801 1995 876 2057 quos
893 1977 918 2037 si
934 1976 1034 2038 statim
1048 1995 1101 2054 ag-

175 2073 357 2150 grederetur,
373 2073 455 2136 breri
473 2074 627 2136 universos
645 2091 868 2155 oppressurum.
886 2072 948 2136 Hoc
971 2092 1007 2135 eo
1023 2073 1102 2135 vale·

176 2169 239 2246 bat,
262 2178 295 2232 ut
313 2170 446 2249 ingratiis
473 2169 510 2232 ad
527 2170 756 2252 depugnandum
785 2188 889 2232 omnes
911 2178 1099 2246 cogerentur.

176 2265 237 2327 Hac
261 2284 293 2330 re
310 2268 427 2345 audita,
456 2267 600 2329 barbarus
623 2268 698 2331 nihil
724 2267 785 2330 doli
807 2267 931 2329 subesse
960 2266 1098 2342 credens,

175 2363 330 2445 postridie,
350 2364 531 2426 alienissimo
552 2364 611 2427 sibi
628 2365 706 2441 loco,
725 2373 829 2426 contra
846 2364 1099 2446 opportunissimo

177 2460 325 2540 hostibus,
344 2462 418 2526 adeo
439 2462 654 2540 angustomari
671 2461 804 2523 conflixit
818 2462 879 2542 (5),
896 2447 930 2523 ut
945 2461 1011 2522 eius
1026 2462 1102 2523 mul·

178 2558 274 2622 titudo
293 2560 411 2621 narium
437 2559 577 2640 explicari
603 2577 663 2621 non
682 2558 822 2641 potuerit.
848 2558 950 2620 Victus
967 2567 1013 2620 est
1030 2577 1100 2638 ergo

179 2656 273 2734 magis
291 2656 416 2718 consilio
431 2655 651 2732 Themistoclis,
670 2674 759 2738 quarn
779 2656 870 2718 armis
888 2654 1045 2719 Graeciae.

219 2751 255 2816 V.
275 2752 329 2816 Hic
348 2752 396 2834 (6)
423 2751 585 2830 barbarus,
605 2753 661 2816 etsi
687 2753 764 2816 male
792 2771 855 2816 rem
878 2762 1028 2832 gesserat,
1054 2760 1103 2815 ta·

207 2992 240 3049 (l)
251 2991 355 3040 insolens
369 2992 508 3038 adverbium
523 3004 567 3051 pro
582 3003 611 3038 eo
626 2991 691 3050 quod
706 2991 873 3046 essetecum,
889 2990 1018 3044 ereptore.

207 3059 238 3117 (2)
254 3061 342 3106 Graeca
353 3073 400 3107 vox
414 3061 494 3106 urbem
509 3061 652 3120 significans,
669 3063 719 3108 κατ’
732 3060 812 3121 ἐξοχὴν
829 3069 884 3103 vero
904 3055 1010 3101 Athenas.

208 3127 240 3183 (ὅ)
254 3126 369 3173 Exerettnl
384 3128 512 3174 Persarum.

208 3197 237 3254 (tt
255 3197 348 3242 berxem
363 3209 458 3256 nempe,
474 3198 556 3243 Graeci
568 3198 631 3243 enim
647 3196 754 3256 populari
768 3193 865 3252 imperio
877 3190 1047 3250 rempublicam
1061 3188 1102 3235 ad·

178 3265 345 3321 ministrantes,
359 3277 438 3322 regem
451 3266 515 3311 illum
533 3269 582 3313 κατ’
591 3266 670 3326 ἐξοχὴν
687 3261 840 3323 appellabant.

209 3334 241 3388 (bl
254 3333 315 3378 lnter
329 3333 427 3378 Atticam
447 3335 567 3391 regionem
582 3335 606 3378 et
623 3332 760 3378 Salaminam
776 3329 917 3386 insulam,a
933 3325 1018 3385 quaid
1037 3335 1105 3385 proe-

180 3401 239 3446 llum
256 3412 340 3447 nomen
356 3403 456 3460 accepit.

208 3471 240 3528 lb)
255 3468 287 3517 cl.
304 3469 383 3515 adnot.
399 3469 429 3516 ed
441 3468 556 3527 ldlltlndts,
571 3480 623 3527 cap.
640 3467 673 3513 ul.
