2452 3938
191 232 252 296 ¹54
584 265 732 309 nunninae

190 342 243 424 qui
261 347 383 411 senatui
401 352 573 435 populoque
595 372 720 418 romano
737 354 846 434 gratias
871 358 1009 432 agerent,
1040 353 1120 436 quod

190 458 258 502 cum
276 442 323 506 his
345 465 450 528 pacem
469 450 629 514 fecissent:
654 452 692 514 ob
710 469 835 532 eamque
854 468 915 512 rem
936 468 1049 512 corone
1069 470 1122 536 au·

190 555 242 600 ree
259 558 313 603 eos
330 542 499 625 donarent,
518 547 670 630 simulque
687 557 843 631 peterent,
872 556 906 609 ut
934 545 1055 609 obsides
1073 565 1123 610 eo·

191 653 257 696 rum
276 637 422 718 Fregellis
432 642 480 723 (l)
499 653 611 723 essent,
624 645 793 727 captivique
801 644 1008 706 redderentur.
1018 641 1071 706 His
1086 663 1123 706 ex

192 744 315 797 senatus
332 740 469 802 consulto
485 760 661 822 responsum
681 752 744 804 est:
764 742 989 805 Mamercorum
999 748 1123 819 protem

192 840 398 913 acceptamque
413 855 486 910 eooe;
503 840 626 914 obsideo,
649 856 706 917 qreo
726 839 786 900 loce
813 843 966 917 reperent,
988 834 1122 913 summos,-

193 928 320 1006 coptiooa
337 949 400 995 ooo
413 935 603 1010 remissoros,
619 937 696 1014 qaod
709 933 917 1009 Hannibalem,
932 933 1016 995 ocios
1032 948 1122 1011 opero

192 1033 357 1104 ammplam
380 1031 488 1095 hellam
505 1034 602 1112 soret,
618 1031 857 1094 inimicissimam
883 1029 1001 1091 comici
1017 1045 1122 1092 romo-

193 1139 234 1183 oo
247 1121 308 1202 (Ξ),
321 1135 350 1188 et
371 1146 453 1191 onoc
467 1147 534 1192 com
548 1130 672 1209 imperio
686 1130 767 1209 opted
784 1127 947 1190 exercitam
967 1126 1121 1202 haherent,

195 1218 322 1300 itemque
342 1224 470 1302 fratrem
498 1226 562 1287 eim
585 1226 754 1305 Magonem.
785 1223 847 1284 Hoc
879 1239 1021 1303 responso
1049 1219 1123 1306 Gar-

196 1316 400 1395 thaginienses
414 1322 545 1400 cognito,
558 1320 754 1383 Hannibalem
771 1321 892 1381 domum
908 1316 1125 1401 Magonemque

196 1427 384 1479 revocarunt.
405 1417 469 1479 Huc
487 1425 519 1480 ut
536 1417 636 1493 rediit,
653 1426 772 1499 praetor
785 1417 833 1496 (3)
853 1416 946 1477 lactus
965 1423 1022 1491 est,
1042 1423 1125 1495 post·

196 1526 285 1588 quam
304 1528 356 1570 rex
373 1511 481 1584 luerat,
501 1528 579 1571 anno
598 1509 730 1571 secundo
748 1519 778 1570 et
802 1504 1014 1574 vicesimooUt
1042 1508 1124 1570 eninr

196 1602 310 1667 Romae
328 1614 414 1666 erant
427 1606 583 1681 consules,
599 1605 642 1666 sic
660 1603 834 1683 Carthagine
853 1603 1012 1685 quotannis
1030 1605 1125 1667 annui

198 1698 261 1760 hini
279 1715 362 1785 reges
375 1699 421 1780 (d)
441 1699 629 1762 creabantur.
656 1699 689 1762 In
709 1719 744 1763 eo
770 1701 942 1780 magistratu
968 1700 1033 1780 pari
1052 1698 1125 1763 dili-

197 1796 299 1873 gentia
318 1815 350 1858 se
369 1795 517 1859 Hannibal
535 1798 675 1879 praebuit
693 1817 728 1860 ec
744 1797 841 1859 luerat
859 1797 890 1858 in
914 1796 1005 1859 hello.
1030 1795 1125 1858 Nam-

199 1910 257 1973 que
278 1895 395 1972 etlecit,
413 1913 449 1958 ex
470 1896 554 1957 novis
572 1894 776 1975 vectigalibus,
792 1913 854 1956 non
872 1895 980 1969 solum,
997 1902 1031 1955 ut
1046 1902 1127 1956 esset

198 1993 351 2070 pecunia,
373 2011 450 2073 quae
468 1991 611 2053 Romanis
634 2010 670 2053 ex
700 1991 818 2054 loedere
847 1991 1041 2073 penderetur,
1072 1991 1127 2054 sed

200 2087 290 2150 etiam
310 2098 481 2171 superesset
495 2107 571 2169 quae
586 2089 617 2149 in
636 2088 750 2150 aerario
765 2096 972 2169 reponeretur.
997 2085 1125 2162 Deinde,

200 2201 280 2248 anno
298 2194 366 2268 post
380 2193 563 2268 praeturam,
579 2183 675 2246 Marco
690 2183 825 2262 Claddio,
843 2183 934 2246 Lucio
949 2183 1040 2245 Furio
1055 2201 1128 2247 con·

200 2282 329 2359 sulihus,
343 2283 459 2345 romani
476 2282 564 2361 legati
581 2280 789 2359 Carthaginem
800 2289 955 2342 venerunt.
975 2278 1128 2343 HosHau·

200 2379 282 2443 nibal
305 2381 352 2444 sui
372 2378 548 2460 exposcendi
566 2379 662 2458 gratia
689 2377 797 2439 missos
824 2385 923 2455 ratus,
947 2375 1126 2458 priusquam

200 2476 246 2539 his
263 2487 383 2542 senatus
402 2477 523 2538 daretur
533 2475 594 2556 (5),
612 2492 717 2537 navem
735 2473 908 2535 conscendit
925 2473 1015 2551 claim,
1035 2481 1128 2556 atque

120 2606 142 2642 s.
154 2575 230 2644 main
249 2558 362 2656 Syriam
382 2574 417 2635 ad
431 2572 612 2635 Antiochum
631 2570 772 2653 profugit.
792 2569 853 2633 Hac
868 2588 900 2632 re
918 2571 1017 2652 palam
1032 2571 1126 2647 lacta,

198 2670 291 2735 Poeni
311 2691 399 2734 naves
416 2652 490 2734 duas
508 2689 667 2752 quaecum
686 2669 990 2752 comprehenderent,
1010 2665 1036 2727 si
1050 2685 1126 2748 pos·

199 2777 266 2831 sent
280 2768 438 2849 consequi,
460 2767 624 2846 miserunt3
644 2766 725 2831 hona
748 2767 812 2830 eius
840 2763 1047 2846 publicarunt;
1069 2762 1128 2825 do·

231 3002 263 3055 (ll
280 3003 338 3049 Urbe
354 3004 499 3049 Volscorum.

232 3070 262 3128 l‘2)
277 3072 337 3117 idest
352 3069 474 3129 omnibus,
491 3069 533 3125 qui
549 3067 646 3114 Romani
662 3067 845 3125 appellatorium
863 3065 896 3110 lta
910 3063 931 3108 sl
948 3061 1027 3108 latiale
1047 3059 1129 3106 verbis

202 3136 284 3184 efferre
304 3137 413 3197 velimus,
434 3136 500 3193 quod
518 3135 579 3184 Italis
597 3137 632 3183 eet
653 3137 714 3180 tutto
730 3130 877 3189 crtottom'td,
896 3133 957 3177 esset
975 3139 1042 3174 cmm
1060 3128 1128 3172 chrt·

201 3209 304 3251 ottonom
319 3218 411 3251 momen.

231 3269 264 3331 (ὅ)
277 3274 370 3319 hereric
380 3274 539 3332 praepositum
555 3274 653 3316 curator
667 3268 725 3315 delle
740 3271 835 3312 encrate.

233 3337 266 3398 ’4)
276 3338 369 3396 Saltem
382 3339 609 3398 Carthaginiensium
622 3338 703 3394 lingua
717 3334 902 3395 appellabantur,
919 3334 942 3379 el
963 3329 1129 3378 redemerant

250 3408 350 3469 lorttete,
366 3419 413 3466 qua
422 3407 532 3453 consules
546 3405 609 3465 apud
620 3405 745 3450 Romanos.

250 3465 420 3535 spectaremur
435 3473 485 3520 dtas
499 3473 652 3531 statueretur,
664 3482 713 3529 quo
729 3472 753 3515 iu
768 3469 876 3516 senatum
891 3463 1106 3513 introducerentur.
