2452 3938
202 294 241 357 lo
586 305 741 352 ururmnas

201 404 301 483 lingua
319 405 487 485 loquentes,
502 402 553 484 qui
571 400 670 463 Asiam
684 400 860 475 incolerent,
879 397 934 460 sub
950 416 1004 460 sua
1021 405 1124 460 reten-

200 509 300 564 turum
317 508 475 582 potestate,
489 500 515 560 si
528 498 632 560 amicis
650 497 713 560 suis
732 497 841 578 oppida
853 495 962 557 tuenda
982 495 1123 557 tradidis-

200 605 257 673 set,
281 595 400 677 quibus,
421 613 452 657 se
472 614 634 676 oppresso,
661 594 744 656 nulla
762 611 829 672 spes
847 591 951 653 salutis
969 592 1123 672 relinque-

96 708 103 717 ·
145 684 150 691 ’
200 703 292 755 retur.
313 691 346 754 ln
364 691 420 753 hoc
433 692 490 753 luit
504 700 566 752 turn
587 709 710 753 numero
724 687 881 765 Miltiades,
897 688 944 749 cui
956 687 1007 749 illa
1024 696 1124 749 custo-

200 790 249 852 dia
278 789 457 851 crederetur.
477 787 531 849 llic
550 787 610 868 (l),
637 807 704 849 curn
730 785 825 848 crebri
849 785 988 847 afferrent
1006 785 1121 860 nuncii,

201 887 278 947 male
295 903 356 947 rem
375 902 476 963 gerere
493 884 627 960 Darium,
644 882 798 965 premique
817 881 853 944 ab
870 879 997 962 Scythis,
1012 879 1121 944 lliltia·

200 982 251 1043 des
269 981 402 1042 hortatus
429 989 473 1041 est
492 980 589 1061 pontis
612 979 766 1054 custodes,
786 998 824 1040 ne
847 997 865 1040 a
887 978 1005 1039 lortuna
1023 977 1121 1040 datam

199 1078 386 1139 occasionem
405 1077 575 1139 liberandae
602 1075 741 1139 Graeciae
764 1075 969 1152 dimitterent;
993 1092 1076 1151 nam,
1095 1075 1123 1136 si

198 1193 266 1236 cum
282 1173 328 1235 his
342 1173 448 1254 copiis,
469 1193 542 1254 quas
560 1193 661 1236 secum
683 1180 941 1253 transportaverat,
960 1170 1122 1234 interiisset

198 1269 316 1348 Darius,
336 1271 503 1332 uonsolum
520 1271 668 1351 Europam
686 1271 750 1333 fore
770 1264 875 1344 tutam,
899 1269 951 1331 sed
969 1269 1057 1332 etiam
1070 1287 1122 1331 eos

199 1367 368 1454 quidsiam
385 1368 551 1428 incolerent
568 1365 671 1430 Graeci
693 1384 819 1443 genere,
849 1365 957 1426 liberos
974 1384 992 1426 a
1014 1364 1121 1427 Persa·

198 1481 263 1524 rum
283 1464 398 1524 tuturos
414 1462 616 1523 dominatione
634 1471 663 1523 et
681 1461 823 1542 periculo:
845 1467 875 1522 et
892 1461 923 1522 id
940 1461 1027 1522 lacile
1044 1461 1120 1523 effici

198 1577 306 1638 posse;
328 1567 416 1639 ponte
434 1558 514 1620 enim
539 1558 687 1635 rescisso,
706 1575 806 1635 regem
823 1556 1021 1636 vel-hostium
1042 1557 1120 1620 lerro

197 1655 243 1717 vel
263 1655 364 1735 inopia
384 1655 485 1736 paucis
497 1655 602 1718 diebus
611 1654 814 1719 interiturum.
828 1653 872 1716 Ad
888 1653 945 1716 hoo
962 1654 1120 1718 eonsilium

198 1771 264 1815 cum
293 1752 426 1832 plerique
452 1753 644 1830 accederent,
672 1751 821 1815 Histiaeus
850 1750 984 1814 milesius
1004 1751 1064 1833 (t),
1084 1772 1122 1814 ne

197 1868 245 1910 res
268 1850 475 1926 conficeretur,
496 1850 620 1926 obstitit,
642 1850 755 1925 dicens,
779 1867 838 1910 non
861 1848 940 1911 idern
966 1850 1050 1930 ipsis,
1070 1855 1122 1934 qui

198 1965 329 2010 summas
358 1945 477 2028 imperii
502 1955 656 2024 tenerent,
683 1947 837 2028 expedire,
862 1955 891 2009 et
920 1948 1120 2028 multitudini3

197 2044 278 2126 quod
304 2043 384 2106 Darii
408 2062 499 2122 reguo
523 2045 656 2125 ipsorum
686 2044 831 2106 niteretur
854 2044 1121 2127 dominatiogjquo

198 2142 339 2217 extincto,
358 2140 452 2222 ipsos,
475 2148 621 2222 potestate
639 2140 790 2222 expulsos,
810 2140 923 2203 civibus
935 2141 998 2203 suis
1011 2160 1122 2221 poenas

198 2238 330 2301 daturos.
350 2236 454 2319 ltaque
464 2239 538 2300 adeo
553 2257 586 2300 se
601 2238 762 2300 abhorrere
777 2255 794 2298 a
809 2238 1121 2315 oeterorumconsilio,

199 2343 232 2397 ut
250 2335 323 2396 nibil
342 2343 426 2414 putet
443 2334 517 2415 ipsis
535 2334 658 2411 utilius,
687 2351 775 2414 quam
801 2332 971 2393 confirmari
998 2351 1121 2410 regnum

198 2430 367 2493 Persarum.
384 2429 478 2492 Huius
493 2449 560 2491 cum
580 2430 757 2493 senteutiam
773 2426 894 2509 plurimi
916 2436 1016 2491 essent
1032 2447 1122 2492 secu·

199 2529 242 2605 ti,
261 2526 423 2603 Miltiades,
445 2546 504 2588 non
526 2526 686 2602 dubitans,
715 2537 775 2587 tam
793 2523 894 2587 multis
919 2526 1064 2604 consciis,
1086 2529 1123 2589 ad

199 2626 277 2703 regis
296 2642 382 2686 aures
400 2624 525 2685 consilia
542 2641 595 2685 sua
610 2630 797 2703 perventura,
817 2619 1058 2701 Chersonesum,
1071 2643 1121 2686 re·

200 2720 298 2801 liquit,
318 2738 352 2780 ac
370 2737 473 2780 rursus
490 2717 622 2779 Athenas
646 2716 836 2796 demigrarit;
867 2717 952 2781 cuius
969 2719 1045 2781 ratio
1068 2721 1124 2782 etsi

118 2794 260 2879 ⁸'⁵⁰⁷non
280 2814 391 2892 valuit,
421 2823 520 2876 tameo
546 2811 724 2895 magnopere
754 2824 799 2876 est
820 2814 980 2894 laudanda,
1004 2834 1072 2878 cum
1087 2835 1123 2877 a·

201 2913 305 2975 micior
333 2911 465 2974 omnium
484 2911 631 2988 libertati,
651 2928 740 2992 quam
766 2930 839 2975 suae
870 2912 960 2975 luerit
984 2913 1124 2976 domina·

202 3011 275 3072 tioni
295 3010 354 3090 (3).

231 3178 263 3234 (Ι)
278 3177 415 3223 Adverblum
431 3177 511 3223 locum
529 3176 623 3236 proprie
634 3140 786 3236 'siguificaom
800 3175 842 3222 sed
857 3176 974 3233 eleganter
989 3176 1019 3221 od
1034 3177 1126 3236 tempus

200 3246 398 3369 trqqqla'rtppphnm
410 3313 487 3371 litleti,
501 3311 566 3357 urbis
581 3312 659 3358 leniae
674 3312 784 3370 principie
799 3312 822 3356 et
839 3311 1037 3370 opulentiaalmae.

232 3379 261 3439 (ὅ)
277 3379 418 3425 Laudandus
428 3379 593 3440 proculdubio
608 3379 732 3439 ldlllladea,
747 3379 811 3437 quod
825 3381 922 3426 amicior
936 3382 1041 3426 omnium
1055 3380 1126 3426 liber·

202 3449 259 3504 tati,
274 3458 344 3503 quam
356 3459 412 3493 suae
423 3447 578 3493 dominationi
595 3445 672 3492 luerit.
686 3446 733 3493 sed
753 3447 817 3492 lteril
834 3448 991 3506 proditionem
1006 3449 1043 3494 rel
1054 3460 1127 3509 paga·

203 3526 248 3560 nus
262 3514 379 3573 Aristides,
390 3525 436 3560 rem
454 3515 536 3560 utilem
548 3526 607 3574 eam,
619 3515 644 3559 ot
658 3515 839 3560 oonlronestam
853 3526 912 3571 esse,
927 3514 1028 3560 dixisset.
