2452 3938
546 249 636 295 cruori
1014 229 1056 292 te

118 343 248 407 orarium
263 344 387 406 classem
400 343 545 405 deuictam
565 343 655 424 cepit:
670 340 896 423 eodemquedie
915 338 980 420 pari
992 338 1054 401 ior-

121 451 200 504 tuna
220 443 348 503 interra
373 460 444 502 usus
465 449 528 516 est;
550 458 679 521 namque
708 439 836 502 bostium
860 436 984 500 naribus
1002 455 1055 499 ca·

123 541 200 620 ptis,
221 538 322 600 statim
344 556 380 598 ex
404 538 497 599 classe
512 538 613 618 copias
635 555 704 598 suas
726 536 838 613 eduxit,
861 534 1055 613 barbarorum

122 656 189 699 uno
209 647 357 699 concursu
376 637 534 697 maximam
557 636 615 697 rim
638 633 807 715 prostravit.
836 631 900 704 Qua
918 632 1053 711 uictoria,
1069 653 1137 700 aira

125 751 237 808 magna
248 732 361 813 praeda
379 733 502 812 potitus,
521 750 588 794 curn
605 731 727 793 domum
746 737 955 806 reverteretur,
975 731 1055 810 quod

125 831 187 891 iam
204 830 368 890 nonnullae
382 829 498 890 insulae
516 839 638 910 propter
659 827 850 890 acerbitatem
869 827 988 907 imperii
1000 825 1055 888 de-

128 927 274 1001 iecerant,
293 925 369 987 bene
392 926 537 987 animatas
554 925 753 1000 confirmavit,
772 924 915 986 alienatas
932 924 971 986 ad
989 924 1055 986 offi-

128 1025 208 1085 cium
239 1022 336 1085 redire
363 1023 471 1100 coegit.
502 1019 623 1103 Scyrum
654 1022 720 1102 (1),
744 1039 834 1102 qnam
856 1039 892 1082 eo
922 1029 1055 1102 tempore

130 1119 258 1200 Dolopes
276 1117 465 1191 incolebant,
496 1119 575 1199 quod
594 1117 799 1179 contumacius
824 1135 856 1179 se
884 1126 1053 1197 gesserant,

131 1203 306 1292 vacuefecit3
323 1234 454 1276 sessores
467 1225 581 1276 ueteres
598 1214 672 1275 nrbe
685 1214 841 1294 insulaque
853 1213 952 1291 eiecit,
970 1232 1056 1292 agros

135 1312 248 1374 civibus
260 1313 370 1374 divisit.
389 1311 515 1372 Thasios
530 1311 577 1392 (h)
594 1309 746 1391 opulentia
757 1310 848 1372 iratos
859 1329 913 1372 suo
927 1310 1055 1373 adventu
1070 1329 1141 1376 aion

135 1411 230 1486 fregit.
255 1407 307 1470 His
325 1427 359 1470 ex
376 1408 525 1469 manubiis
551 1427 603 1469 arx
618 1407 814 1485 Athenarum,
829 1426 889 1487 qua
911 1408 948 1469 ad
964 1406 1055 1469 meri·

128 1507 209 1568 hiem
232 1484 335 1582 vergii,
352 1515 397 1567 est
416 1515 530 1569 ornata.
570 1557 573 1561 ,

171 1604 222 1666 111.
245 1601 359 1674 Quibus
377 1603 465 1663 rebus
484 1621 552 1664 cum
572 1621 649 1664 unns
668 1601 698 1663 in
721 1601 840 1664 ciuitate
859 1601 985 1666 maxime
1004 1602 1058 1664 llo·

134 1711 219 1777 reret,
232 1701 374 1761 inciditis
388 1700 522 1761 eamdem
541 1700 696 1774 invidiam,
715 1717 803 1780 quam
820 1707 904 1780 pater
921 1719 992 1762 suus
1009 1717 1059 1761 ce-

134 1795 246 1874 terique
270 1792 495 1854 Atheniensium
513 1791 674 1873 principes:
692 1811 760 1854 nam
786 1802 928 1855 testarum
950 1793 1058 1854 sullra-

134 1891 206 1968 giis,
231 1890 311 1971 qnod
338 1890 381 1950 ilii
401 1889 608 1951 ostracismum
631 1898 758 1967 uocant,
785 1890 887 1952 decem
911 1908 1057 1952 annornm
1071 1917 1144 1962 „neo

135 1987 223 2048 exilio
250 1988 409 2049 mulctatus
427 1996 481 2048 est.
502 1985 592 2050 Cuius
610 1987 680 2050 lacti
705 1987 832 2049 celerius
850 1987 1056 2065 Athenienses,

136 2104 223 2164 quam
241 2085 353 2165 ipsum,
373 2085 529 2165 poenituit:
551 2103 620 2146 nam
637 2103 704 2146 cum
723 2084 785 2160 ille,
798 2083 868 2146 sorti
885 2085 997 2160 animo,
1013 2085 1060 2146 in-

135 2183 228 2243 vidiae
256 2183 437 2260 ingratorum
462 2174 569 2243 civium
592 2183 752 2257 cessisset,
772 2181 944 2262 bellumque
964 2179 1061 2244 Lace·

135 2279 284 2341 daemonii
304 2277 537 2340 Atheniensibus
556 2278 752 2353 indixissent,
784 2277 942 2340 confestim
972 2288 1061 2342 notae

136 2377 198 2437 eius
217 2376 334 2438 virtutis
362 2376 541 2437 desiderium
568 2387 759 2438 consecutum
785 2383 842 2438 est.
870 2374 973 2457 ltaque
994 2384 1062 2456 post

137 2487 245 2534 annum
266 2473 403 2553 quintum
423 2491 511 2552 qoam
530 2474 670 2553 expulsus
693 2481 768 2548 erat,
792 2472 824 2533 in
838 2473 964 2554 patriam
978 2491 1063 2535 revo-

137 2581 220 2631 catus
232 2579 276 2630 est
288 2569 348 2648 (3).
364 2568 426 2643 lile,
443 2570 521 2650 quod
541 2569 675 2650 hospitio,
684 2569 986 2632 Lacedaemoniorum
998 2578 1063 2633 nte·

138 2664 235 2742 batur,
255 2665 348 2727 satius
367 2666 537 2740 existimans
551 2685 602 2728 ecs
615 2675 644 2727 et
663 2667 741 2730 cives
761 2685 832 2728 suos
857 2667 935 2730 inter
952 2685 984 2729 se
1001 2685 1062 2729 una

138 2762 287 2825 voluntate
303 2763 482 2839 consentire,
500 2782 588 2844 quam
604 2763 696 2826 armis
710 2764 901 2841 contendere,
916 2762 1064 2827 Lacedae·

166 2998 197 3057 (1)
208 2999 312 3045 lnsulnm
328 2999 397 3044 maris
411 3000 493 3054 Aegaei
507 2999 589 3045 contra
600 2998 719 3044 Euboeam
735 2994 935 3055 (recentsmrol
951 3007 1014 3053 quae
1028 2997 1064 3041 in·

139 3069 200 3113 eoias
215 3067 334 3126 piraticam
349 3067 487 3112 exercentes
501 3077 528 3110 er
544 3066 673 3124 Dolopibus
685 3065 817 3111 Thessaliae
829 3065 918 3124 populo
932 3066 1063 3124 acceperat,

139 3146 240 3190 quorum
255 3133 321 3179 sedes
336 3133 364 3178 ed
382 3133 447 3178 Pindi
461 3133 558 3178 radices.

168 3201 198 3260 (2)
214 3202 305 3248 incolas
319 3201 400 3261 Thasi,
419 3214 478 3259 quae
502 3200 548 3246 fnit
563 3201 639 3247 insula
660 3202 734 3248 maris
755 3201 848 3260 Aegaei,
869 3200 964 3246 Thracii
979 3200 1064 3261 eiiam,

141 3269 204 3324 quod
218 3270 264 3315 illic
279 3269 400 3315 Thraciam
416 3269 489 3328 alluit,
504 3268 620 3328 appellati.

171 3335 203 3394 (ὅ)
216 3337 339 3383 Adnitente
353 3336 443 3396 eodem,
459 3338 500 3394 qui
512 3337 537 3382 in
552 3338 655 3382 exsilium
672 3337 742 3382 antea
757 3336 848 3395 essisset,
862 3335 958 3395 Pericle,
974 3337 1000 3381 ut
1020 3345 1064 3394 po·

142 3403 246 3460 putarem
260 3403 375 3449 invidiam
390 3403 503 3461 eflugeret
516 3404 540 3449 ct
554 3406 619 3461 grato
637 3403 702 3463 plebi
716 3405 818 3450 Cimonis
833 3405 927 3449 nomine
942 3401 972 3448 ad
986 3413 1023 3448 res
1037 3413 1066 3449 u·

144 3471 236 3518 teretur.
