2452 3938
475 254 678 302 nenurnounns
974 240 1034 305 toa

100 349 280 418 Meneclides
298 337 365 413 cum
384 347 454 410 hnic
467 349 622 429 obiiceret,
641 349 720 432 quod
738 348 848 413 liberos
860 367 920 413 non
938 349 1031 414 babe-

101 461 162 529 ret,
181 467 279 530 neque
298 465 418 509 uxorem
443 447 595 524 duxisset,
616 447 804 529 maximeque
822 447 1027 526 insolentiam,

101 547 186 632 quod
205 545 264 608 sibi
280 544 510 624 Agamemnonis
525 543 596 606 belli
613 544 736 624 gloriam
755 544 904 607 uideretur
922 563 1030 607 conse-

101 655 203 721 cutus,
223 651 253 705 at
270 642 332 719 ille,
350 642 467 719 Desine,
488 642 596 723 inquii,
613 642 786 718 Meneclides,
802 643 943 705 deucere
956 643 1032 705 mibi

100 743 305 825 aspecirer05
328 757 400 802 aunt
423 739 538 802 cullius
554 739 587 801 in
609 740 668 802 isio
690 757 723 802 re
739 741 839 802 minos
861 739 908 802 uti
932 741 1031 802 cona-

102 843 146 906 iio
174 838 238 902 uolo
266 837 326 919 (l).
354 836 489 899 Habebat
515 836 594 898 enim
627 834 804 901 Meneclides
828 836 1030 918 suspicionem

103 935 257 1001 adulterii.
275 935 358 1011 Quod
375 942 472 997 cutem
488 952 533 997 me
543 933 793 1014 Apamemuonem
809 935 958 998 aemulari
969 953 1030 1015 pu·

103 1046 162 1112 tas,
173 1034 302 1115 foderim
314 1050 441 1112 namque
451 1033 500 1095 ilic
510 1050 576 1095 cum
586 1032 728 1095 universe
737 1033 862 1095 Graecia
872 1034 924 1096 oia
936 1034 1032 1096 decem

103 1132 204 1215 anne·
215 1149 308 1196 onom
322 1130 394 1210 cepit
413 1132 536 1204 urbem;
553 1146 604 1210 epo
621 1141 725 1193 contre
745 1146 780 1191 eo
802 1147 865 1191 nno
883 1131 955 1193 urbo
974 1149 1030 1193 rto-

102 1239 170 1294 stro
186 1230 289 1311 dieque
307 1245 367 1291 occo
380 1234 470 1291 totoni
491 1228 667 1305 Graeciam,
687 1226 922 1291 Lacedaemoniis
937 1228 1031 1310 sapo-

102 1331 155 1406 tis,
176 1327 298 1390 liberavi
311 1325 371 1407 (ἢ).

147 1422 294 1488 vitiem
314 1442 380 1485 cum
404 1421 435 1493 in
453 1433 629 1485 contentum
655 1421 784 1484 venisset
800 1421 948 1485 Arcadum
963 1420 1030 1502 (3),

105 1530 212 1606 petens
231 1530 264 1583 ut
278 1520 450 1582 societatem
466 1538 532 1581 cum
550 1519 699 1582 Thebanis
711 1528 740 1583 et
754 1519 868 1598 Argivis
886 1519 1030 1596 iacerent;

104 1628 270 1700 contraque
290 1617 474 1681 Callistratus
492 1617 558 1699 (i),
578 1617 805 1680 Atheniensium
825 1618 961 1697 legatus,
981 1616 1032 1697 qui

106 1715 281 1798 eloquentia
299 1733 403 1777 omnes
420 1733 455 1777 eo
474 1713 643 1795 praestabat
660 1723 805 1795 tempore,
822 1714 986 1796 postularet
1001 1721 1034 1775 ut

107 1815 209 1897 potius
226 1811 388 1877 amicitiam
401 1819 598 1892 sequerentur
608 1810 785 1889 Atticorum,
807 1820 837 1873 et
855 1811 886 1872 in
898 1811 1033 1873 oratione

106 1929 164 1975 sua
189 1909 282 1987 multa
301 1907 348 1990 (5)
368 1909 500 1971 invectus
517 1916 594 1970 esset
611 1908 642 1968 in
669 1907 826 1976 Thebanos
849 1915 879 1969 et
896 1906 1031 1985 Argivos,

107 2008 141 2071 in
159 2006 264 2089 eisque
288 2005 344 2071 boc
363 2006 528 2088 posuisset,
554 2004 789 2067 animadvertere
812 2003 919 2067 debere
936 2003 1032 2067 Arca·

106 2104 298 2187 das,--quales
316 2111 442 2184 utraque
459 2103 562 2164 civitas
581 2101 669 2175 cives
686 2111 887 2184 procreasset,
908 2120 943 2163 ex
962 2100 1027 2183 qui«
1132 2095 1136 2107 '

108 2202 166 2266 bus
192 2201 230 2264 de
246 2200 352 2264 ceteris
378 2207 499 2281 possent
524 2199 674 2277 iudicare3
693 2198 815 2277 Argiuos
835 2199 914 2261 enim
942 2197 1032 2261 luisse

107 2297 243 2363 Orestem
261 2306 291 2360 et
307 2296 528 2375 Alcmaeonem,
548 2296 716 2360 matricidae
734 2297 795 2379 (b);
817 2295 928 2370 Thebis
947 2293 1034 2359 Oedi·

141 2472 172 2532 (ll
187 2470 252 2521 Adde
268 2486 336 2535 quant
347 2476 390 2520 tui.

134 2541 172 2601 Ι(2)
190 2542 317 2593 Leuctrica
333 2552 419 2601 pugna.

138 2609 170 2669 (bi
187 2609 232 2656 llic
249 2612 378 2656 conventus
393 2610 530 2669 Megalopoli
544 2608 624 2669 bebai,
639 2611 664 2657 lo
680 2622 782 2669 eumque
804 2609 885 2657 decem
903 2611 1032 2670 legatorum

108 2676 185 2725 mittis
199 2676 301 2725 coibant.

140 2745 172 2801 (il
184 2747 267 2792 clarus
285 2757 329 2805 por
346 2757 374 2792 ea
390 2746 494 2804 tempora
508 2748 595 2806 orator,
610 2746 700 2805 quique
714 2746 751 2792 sui
762 2747 941 2795 aemulationem
954 2747 1032 2794 adole·

108 2812 185 2859 acenti
197 2811 277 2861 adbuc
293 2811 444 2859 Demostheni
454 2811 515 2871 iecit.

142 2879 176 2938 (5)
191 2880 278 2927 Graeca
292 2879 404 2938 loquendi
419 2881 487 2941 rut103
503 2884 562 2930 κατὰ
577 2882 666 2943 πολλὰ,
685 2884 748 2927 circe
763 2883 849 2940 multo,
865 2894 909 2942 pro
924 2893 953 2929 eo
968 2882 1032 2940 quod

110 2946 174 2993 ossei
187 2947 289 2993 maltam
303 2949 416 2996 innacius.

139 3014 174 3072 (til
189 3015 218 3061 Ut
231 3017 324 3075 patrum
347 3017 446 3063 moriem
466 3016 650 3077 ulciscerentur,
671 3016 710 3063 ille
724 3019 902 3074 Agamemnonis
921 3029 936 3065 a
959 3017 1032 3076 Clyto·

111 3083 217 3135 musairo
231 3083 340 3145 iugulati,
359 3084 399 3130 bic
425 3083 563 3145 Amphitru,
579 3085 630 3145 qui,
645 3096 720 3142 quum
735 3088 824 3144 sepiem
839 3085 921 3143 argivis
935 3085 1048 3135 ducum

111 3149 197 3195 contra
207 3149 301 3197 Thebas
314 3153 337 3197 et
351 3150 468 3198 Eteocleas
479 3151 690 3212 proficiscentibus,
704 3151 793 3212 lateret,
809 3165 839 3200 ne
854 3165 879 3199 se
891 3165 987 3211 quoque
1003 3155 1031 3200 ll·

112 3219 153 3262 iuc
167 3215 321 3278 adducerent,
345 3218 387 3265 ubl
401 3230 536 3266 occasurum
556 3220 671 3276 portemia
686 3222 815 3280 acceperat,
830 3219 861 3266 ob
874 3233 974 3268 aureum
984 3235 1034 3270 mo

111 3283 162 3330 aits
177 3285 207 3329 ab
222 3285 331 3347 Eriphyle
346 3299 419 3334 uxore
433 3287 538 3346 Polynici
550 3287 655 3347 proditus
669 3290 711 3335 est.
722 3289 780 3334 ilinc
795 3289 933 3346 Aligberiuc

350 3357 459 3403 timeone
474 3368 488 3402 a
502 3368 545 3404 sua
560 3356 639 3404 madro
654 3357 683 3404 ie‘
692 3369 748 3404 csso

298 3466 300 3471 .
346 3426 416 3473 Paret
430 3425 454 3472 lo
465 3425 598 3473 scenturaio
612 3426 786 3474 adornamenio.

682 3493 760 3552 (rung.
780 3495 821 3554 xri,
836 3494 865 3542 io
881 3495 905 3542 ct
919 3493 977 3557 seq.)
