<?xml version="1.0" encoding="UTF-8"?>
<!DOCTYPE html PUBLIC "-//W3C//DTD XHTML 1.0 Transitional//EN"
    "http://www.w3.org/TR/xhtml1/DTD/xhtml1-transitional.dtd">
<html xmlns="http://www.w3.org/1999/xhtml" xml:lang="en" lang="en">
 <head>
  <title>
</title>
<meta http-equiv="Content-Type" content="text/html;charset=utf-8" />
  <meta name='ocr-system' content='tesseract 3.04.00' />
  <meta name='ocr-capabilities' content='ocr_page ocr_carea ocr_par ocr_line ocrx_word'/>
</head>
<body>
  <div class='ocr_page' id='page_1' title='image "./corneliinepotis18nepogoog_0034.png"; bbox 0 0 2452 3938; ppageno 0'>
   <div class='ocr_carea' id='block_1_1' title="bbox 473 268 1043 331">
    <p class='ocr_par' dir='ltr' id='par_1_1' title="bbox 473 268 1043 331">
     <span class='ocr_line' id='line_1_1' title="bbox 473 268 1043 331; baseline 0.002 -1"><span class='ocrx_word' id='word_1_1' title='bbox 473 284 691 330; x_wconf 81' lang='lat' dir='ltr'>ruuursrocuus</span> <span class='ocrx_word' id='word_1_2' title='bbox 1002 268 1043 331; x_wconf 71' lang='lat'>29</span> 
     </span>
    </p>
   </div>
   <div class='ocr_carea' id='block_1_2' title="bbox 120 375 1052 2401">
    <p class='ocr_par' dir='ltr' id='par_1_2' title="bbox 120 375 1052 2401">
     <span class='ocr_line' id='line_1_2' title="bbox 120 375 1043 460; baseline -0.004 -18"><span class='ocrx_word' id='word_1_3' title='bbox 120 378 199 457; x_wconf 81' lang='lat' dir='ltr'>legas</span> <span class='ocrx_word' id='word_1_4' title='bbox 218 384 385 457; x_wconf 81' lang='lat' dir='ltr'>expectare.</span> <span class='ocrx_word' id='word_1_5' title='bbox 405 375 476 440; x_wconf 87' lang='lat' dir='ltr'>Cum</span> <span class='ocrx_word' id='word_1_6' title='bbox 494 375 721 440; x_wconf 88' lang='lat' dir='ltr'>Lacedaemonii</span> <span class='ocrx_word' id='word_1_7' title='bbox 739 385 944 460; x_wconf 81' lang='lat' dir='ltr'>quererentur,</span> <span class='ocrx_word' id='word_1_8' title='bbox 969 397 1043 459; x_wconf 89' lang='lat' dir='ltr'>opus</span> 
     </span>
     <span class='ocr_line' id='line_1_3' title="bbox 120 460 1042 554; baseline -0.004 -16"><span class='ocrx_word' id='word_1_9' title='bbox 120 474 315 538; x_wconf 87' lang='lat' dir='ltr'><strong>nihilominus</strong></span> <span class='ocrx_word' id='word_1_10' title='bbox 334 474 416 549; x_wconf 87' lang='lat' dir='ltr'>fieri,</span> <span class='ocrx_word' id='word_1_11' title='bbox 437 491 566 554; x_wconf 92' lang='lat' dir='ltr'>eumque</span> <span class='ocrx_word' id='word_1_12' title='bbox 585 460 621 536; x_wconf 74' lang='lat' dir='ltr'>in⁸</span> <span class='ocrx_word' id='word_1_13' title='bbox 634 493 670 536; x_wconf 93' lang='lat' dir='ltr'>ea</span> <span class='ocrx_word' id='word_1_14' title='bbox 687 493 719 537; x_wconf 90' lang='lat' dir='ltr'>re</span> <span class='ocrx_word' id='word_1_15' title='bbox 738 474 840 536; x_wconf 85' lang='lat' dir='ltr'>conari</span> <span class='ocrx_word' id='word_1_16' title='bbox 858 475 972 552; x_wconf 89' lang='lat' dir='ltr'>lallere,</span> <span class='ocrx_word' id='word_1_17' title='bbox 994 475 1042 535; x_wconf 94' lang='lat' dir='ltr'>in·</span> 
     </span>
     <span class='ocr_line' id='line_1_4' title="bbox 122 571 1044 652; baseline -0.001 -19"><span class='ocrx_word' id='word_1_18' title='bbox 122 573 206 635; x_wconf 89' lang='lat' dir='ltr'>terim</span> <span class='ocrx_word' id='word_1_19' title='bbox 227 571 335 652; x_wconf 87' lang='lat' dir='ltr'>reliqui</span> <span class='ocrx_word' id='word_1_20' title='bbox 352 571 441 648; x_wconf 85' lang='lat' dir='ltr'>legati</span> <span class='ocrx_word' id='word_1_21' title='bbox 460 578 528 632; x_wconf 90' lang='lat' dir='ltr'>sunt</span> <span class='ocrx_word' id='word_1_22' title='bbox 546 572 709 634; x_wconf 77' lang='lat' dir='ltr'><strong>consecuti.</strong></span> <span class='ocrx_word' id='word_1_23' title='bbox 729 572 753 632; x_wconf 83' lang='lat' dir='ltr'>A</span> <span class='ocrx_word' id='word_1_24' title='bbox 772 572 880 652; x_wconf 93' lang='lat' dir='ltr'>quihus</span> <span class='ocrx_word' id='word_1_25' title='bbox 898 590 970 634; x_wconf 91' lang='lat' dir='ltr'>cum·</span> <span class='ocrx_word' id='word_1_26' title='bbox 987 575 1044 634; x_wconf 86' lang='lat' dir='ltr'>au-</span> 
     </span>
     <span class='ocr_line' id='line_1_5' title="bbox 121 669 1043 752; baseline 0.002 -20"><span class='ocrx_word' id='word_1_27' title='bbox 121 669 224 745; x_wconf 84' lang='lat' dir='ltr'><strong>disset,</strong></span> <span class='ocrx_word' id='word_1_28' title='bbox 238 688 298 730; x_wconf 92' lang='lat' dir='ltr'>non</span> <span class='ocrx_word' id='word_1_29' title='bbox 310 669 433 729; x_wconf 89' lang='lat' dir='ltr'>multum</span> <span class='ocrx_word' id='word_1_30' title='bbox 445 686 600 747; x_wconf 86' lang='lat' dir='ltr'>superesse</span> <span class='ocrx_word' id='word_1_31' title='bbox 613 669 799 744; x_wconf 92' lang='lat' dir='ltr'>munitionis,</span> <span class='ocrx_word' id='word_1_32' title='bbox 812 669 849 731; x_wconf 93' lang='lat' dir='ltr'>ad</span> <span class='ocrx_word' id='word_1_33' title='bbox 861 669 1043 752; x_wconf 90' lang='lat' dir='ltr'>ephoros(l)</span> 
     </span>
     <span class='ocr_line' id='line_1_6' title="bbox 121 764 1046 849; baseline 0.002 -21"><span class='ocrx_word' id='word_1_34' title='bbox 121 764 427 828; x_wconf 84' lang='lat' dir='ltr'>Lacedaemoniorum</span> <span class='ocrx_word' id='word_1_35' title='bbox 442 765 577 842; x_wconf 88' lang='lat' dir='ltr'>accessit,</span> <span class='ocrx_word' id='word_1_36' title='bbox 595 782 685 846; x_wconf 92' lang='lat' dir='ltr'>penes</span> <span class='ocrx_word' id='word_1_37' title='bbox 699 784 773 845; x_wconf 93' lang='lat' dir='ltr'>quos</span> <span class='ocrx_word' id='word_1_38' title='bbox 787 784 936 828; x_wconf 91' lang='lat' dir='ltr'>summum</span> <span class='ocrx_word' id='word_1_39' title='bbox 951 767 1046 849; x_wconf 88' lang='lat' dir='ltr'>impe-</span> 
     </span>
     <span class='ocr_line' id='line_1_7' title="bbox 121 861 1045 942; baseline 0.002 -17"><span class='ocrx_word' id='word_1_40' title='bbox 121 865 198 925; x_wconf 91' lang='lat' dir='ltr'>rium</span> <span class='ocrx_word' id='word_1_41' title='bbox 218 869 291 938; x_wconf 89' lang='lat' dir='ltr'>erat,</span> <span class='ocrx_word' id='word_1_42' title='bbox 310 870 399 941; x_wconf 86' lang='lat' dir='ltr'>atque</span> <span class='ocrx_word' id='word_1_43' title='bbox 412 861 490 942; x_wconf 90' lang='lat' dir='ltr'>apud</span> <span class='ocrx_word' id='word_1_44' title='bbox 505 881 555 923; x_wconf 91' lang='lat' dir='ltr'>eos</span> <span class='ocrx_word' id='word_1_45' title='bbox 577 862 740 939; x_wconf 85' lang='lat' dir='ltr'>contendit,</span> <span class='ocrx_word' id='word_1_46' title='bbox 760 862 835 924; x_wconf 90' lang='lat' dir='ltr'>laisa</span> <span class='ocrx_word' id='word_1_47' title='bbox 853 862 899 925; x_wconf 92' lang='lat' dir='ltr'>his</span> <span class='ocrx_word' id='word_1_48' title='bbox 912 881 978 926; x_wconf 89' lang='lat' dir='ltr'>esse</span> <span class='ocrx_word' id='word_1_49' title='bbox 993 865 1045 927; x_wconf 92' lang='lat' dir='ltr'>de·</span> 
     </span>
     <span class='ocr_line' id='line_1_8' title="bbox 121 953 1044 1044; baseline 0.003 -22"><span class='ocrx_word' id='word_1_50' title='bbox 121 963 198 1038; x_wconf 90' lang='lat' dir='ltr'>lata;</span> <span class='ocrx_word' id='word_1_51' title='bbox 216 977 308 1042; x_wconf 87' lang='lat' dir='ltr'>quare</span> <span class='ocrx_word' id='word_1_52' title='bbox 331 977 459 1040; x_wconf 90' lang='lat' dir='ltr'>aequum</span> <span class='ocrx_word' id='word_1_53' title='bbox 485 978 550 1021; x_wconf 91' lang='lat' dir='ltr'>esse</span> <span class='ocrx_word' id='word_1_54' title='bbox 569 959 635 1020; x_wconf 91' lang='lat' dir='ltr'>illos</span> <span class='ocrx_word' id='word_1_55' title='bbox 653 958 730 1021; x_wconf 88' lang='lat' dir='ltr'>viros</span> <span class='ocrx_word' id='word_1_56' title='bbox 757 959 851 1022; x_wconf 93' lang='lat' dir='ltr'>bonos</span> <span class='ocrx_word' id='word_1_57' title='bbox 869 953 1044 1044; x_wconf 90' lang='lat' dir='ltr'>nobilesque</span> 
     </span>
     <span class='ocr_line' id='line_1_9' title="bbox 123 1054 1041 1138; baseline 0.002 -19"><span class='ocrx_word' id='word_1_58' title='bbox 123 1058 252 1134; x_wconf 92' lang='lat' dir='ltr'>mittere,</span> <span class='ocrx_word' id='word_1_59' title='bbox 271 1055 379 1136; x_wconf 92' lang='lat' dir='ltr'>quibus</span> <span class='ocrx_word' id='word_1_60' title='bbox 396 1054 469 1117; x_wconf 87' lang='lat' dir='ltr'>fides</span> <span class='ocrx_word' id='word_1_61' title='bbox 498 1054 669 1132; x_wconf 81' lang='lat' dir='ltr'>haberetur,</span> <span class='ocrx_word' id='word_1_62' title='bbox 689 1056 740 1136; x_wconf 94' lang='lat' dir='ltr'>qui</span> <span class='ocrx_word' id='word_1_63' title='bbox 758 1075 820 1118; x_wconf 89' lang='lat' dir='ltr'>rem</span> <span class='ocrx_word' id='word_1_64' title='bbox 844 1059 1041 1138; x_wconf 84' lang='lat' dir='ltr'>explorarent;</span> 
     </span>
     <span class='ocr_line' id='line_1_10' title="bbox 122 1151 1045 1232; baseline 0.001 -16"><span class='ocrx_word' id='word_1_65' title='bbox 122 1155 236 1217; x_wconf 89' lang='lat' dir='ltr'>interea</span> <span class='ocrx_word' id='word_1_66' title='bbox 251 1171 283 1214; x_wconf 91' lang='lat' dir='ltr'>se</span> <span class='ocrx_word' id='word_1_67' title='bbox 302 1151 433 1214; x_wconf 90' lang='lat' dir='ltr'>obsidem</span> <span class='ocrx_word' id='word_1_68' title='bbox 453 1153 626 1214; x_wconf 80' lang='lat' dir='ltr'>retinerent.</span> <span class='ocrx_word' id='word_1_69' title='bbox 646 1151 751 1221; x_wconf 89' lang='lat' dir='ltr'>Gestus</span> <span class='ocrx_word' id='word_1_70' title='bbox 767 1162 811 1215; x_wconf 91' lang='lat' dir='ltr'>est</span> <span class='ocrx_word' id='word_1_71' title='bbox 829 1155 858 1216; x_wconf 94' lang='lat' dir='ltr'>ei</span> <span class='ocrx_word' id='word_1_72' title='bbox 877 1173 952 1232; x_wconf 84' lang='lat' dir='ltr'>mos3</span> <span class='ocrx_word' id='word_1_73' title='bbox 973 1165 1045 1217; x_wconf 90' lang='lat' dir='ltr'>tres-</span> 
     </span>
     <span class='ocr_line' id='line_1_11' title="bbox 123 1248 1044 1332; baseline 0.002 -20"><span class='ocrx_word' id='word_1_74' title='bbox 123 1271 178 1332; x_wconf 90' lang='lat' dir='ltr'>que</span> <span class='ocrx_word' id='word_1_75' title='bbox 196 1250 303 1328; x_wconf 82' lang='lat' dir='ltr'>legati,</span> <span class='ocrx_word' id='word_1_76' title='bbox 333 1249 426 1311; x_wconf 89' lang='lat' dir='ltr'>suncti</span> <span class='ocrx_word' id='word_1_77' title='bbox 451 1248 576 1311; x_wconf 91' lang='lat' dir='ltr'>summis</span> <span class='ocrx_word' id='word_1_78' title='bbox 600 1249 781 1326; x_wconf 91' lang='lat' dir='ltr'>honoribus,</span> <span class='ocrx_word' id='word_1_79' title='bbox 804 1251 936 1313; x_wconf 82' lang='lat' dir='ltr'>Athenas</span> <span class='ocrx_word' id='word_1_80' title='bbox 962 1253 1044 1314; x_wconf 91' lang='lat' dir='ltr'>missi</span> 
     </span>
     <span class='ocr_line' id='line_1_12' title="bbox 123 1345 1043 1428; baseline -0.001 -18"><span class='ocrx_word' id='word_1_81' title='bbox 123 1356 200 1410; x_wconf 91' lang='lat' dir='ltr'>sunt.</span> <span class='ocrx_word' id='word_1_82' title='bbox 221 1346 294 1410; x_wconf 84' lang='lat' dir='ltr'>Cum</span> <span class='ocrx_word' id='word_1_83' title='bbox 313 1345 359 1407; x_wconf 92' lang='lat' dir='ltr'>his</span> <span class='ocrx_word' id='word_1_84' title='bbox 373 1346 499 1424; x_wconf 86' lang='lat' dir='ltr'>collegas</span> <span class='ocrx_word' id='word_1_85' title='bbox 513 1365 582 1407; x_wconf 90' lang='lat' dir='ltr'>suos</span> <span class='ocrx_word' id='word_1_86' title='bbox 594 1346 808 1409; x_wconf 88' lang='lat' dir='ltr'>Themistocles</span> <span class='ocrx_word' id='word_1_87' title='bbox 825 1347 912 1408; x_wconf 91' lang='lat' dir='ltr'>iussit</span> <span class='ocrx_word' id='word_1_88' title='bbox 923 1349 1043 1428; x_wconf 84' lang='lat' dir='ltr'>profici-</span> 
     </span>
     <span class='ocr_line' id='line_1_13' title="bbox 123 1442 1041 1524; baseline -0.001 -18"><span class='ocrx_word' id='word_1_89' title='bbox 123 1445 177 1506; x_wconf 87' lang='lat' dir='ltr'>sci:</span> <span class='ocrx_word' id='word_1_90' title='bbox 208 1444 311 1523; x_wconf 86' lang='lat' dir='ltr'>eisque</span> <span class='ocrx_word' id='word_1_91' title='bbox 334 1443 494 1523; x_wconf 83' lang='lat' dir='ltr'>praedixit,</span> <span class='ocrx_word' id='word_1_92' title='bbox 521 1452 611 1506; x_wconf 92' lang='lat' dir='ltr'>utne</span> <span class='ocrx_word' id='word_1_93' title='bbox 633 1444 715 1524; x_wconf 91' lang='lat' dir='ltr'>prius</span> <span class='ocrx_word' id='word_1_94' title='bbox 740 1442 1041 1507; x_wconf 85' lang='lat' dir='ltr'>Lacedaemoniorum</span> 
     </span>
     <span class='ocr_line' id='line_1_14' title="bbox 121 1540 1045 1622; baseline -0.002 -18"><span class='ocrx_word' id='word_1_95' title='bbox 121 1543 232 1620; x_wconf 82' lang='lat' dir='ltr'>legatos</span> <span class='ocrx_word' id='word_1_96' title='bbox 262 1540 459 1616; x_wconf 89' lang='lat' dir='ltr'>dimitterent,</span> <span class='ocrx_word' id='word_1_97' title='bbox 487 1559 575 1621; x_wconf 88' lang='lat' dir='ltr'>quarn</span> <span class='ocrx_word' id='word_1_98' title='bbox 601 1542 664 1622; x_wconf 91' lang='lat' dir='ltr'>ipse</span> <span class='ocrx_word' id='word_1_99' title='bbox 694 1549 771 1602; x_wconf 92' lang='lat' dir='ltr'>esset</span> <span class='ocrx_word' id='word_1_100' title='bbox 797 1541 951 1604; x_wconf 90' lang='lat' dir='ltr'>remissus.</span> <span class='ocrx_word' id='word_1_101' title='bbox 985 1540 1045 1604; x_wconf 88' lang='lat' dir='ltr'>llos</span> 
     </span>
     <span class='ocr_line' id='line_1_15' title="bbox 123 1637 1043 1719; baseline 0 -19"><span class='ocrx_word' id='word_1_102' title='bbox 123 1648 278 1719; x_wconf 86' lang='lat' dir='ltr'>postquam</span> <span class='ocrx_word' id='word_1_103' title='bbox 293 1637 422 1698; x_wconf 81' lang='lat' dir='ltr'>Athenas</span> <span class='ocrx_word' id='word_1_104' title='bbox 438 1638 606 1716; x_wconf 86' lang='lat' dir='ltr'>pervenisse</span> <span class='ocrx_word' id='word_1_105' title='bbox 618 1647 699 1699; x_wconf 91' lang='lat' dir='ltr'>ratus</span> <span class='ocrx_word' id='word_1_106' title='bbox 712 1646 768 1714; x_wconf 90' lang='lat' dir='ltr'>est,</span> <span class='ocrx_word' id='word_1_107' title='bbox 784 1638 820 1700; x_wconf 88' lang='lat' dir='ltr'>ad</span> <span class='ocrx_word' id='word_1_108' title='bbox 841 1639 1043 1717; x_wconf 85' lang='lat' dir='ltr'>magistratum</span> 
     </span>
     <span class='ocr_line' id='line_1_16' title="bbox 124 1733 1044 1817; baseline 0 -21"><span class='ocrx_word' id='word_1_109' title='bbox 124 1743 319 1815; x_wconf 88' lang='lat' dir='ltr'>senatumque</span> <span class='ocrx_word' id='word_1_110' title='bbox 339 1734 386 1814; x_wconf 60' lang='grc' dir='ltr'>(Ξ)</span> <span class='ocrx_word' id='word_1_111' title='bbox 404 1733 707 1798; x_wconf 89' lang='lat' dir='ltr'>Lacedaemoniorum</span> <span class='ocrx_word' id='word_1_112' title='bbox 732 1735 820 1811; x_wconf 91' lang='lat' dir='ltr'>adiit,</span> <span class='ocrx_word' id='word_1_113' title='bbox 845 1744 874 1797; x_wconf 92' lang='lat' dir='ltr'>et</span> <span class='ocrx_word' id='word_1_114' title='bbox 891 1736 969 1817; x_wconf 85' lang='lat' dir='ltr'>apud</span> <span class='ocrx_word' id='word_1_115' title='bbox 994 1754 1044 1799; x_wconf 93' lang='lat' dir='ltr'>eos</span> 
     </span>
     <span class='ocr_line' id='line_1_17' title="bbox 122 1831 1042 1914; baseline 0.004 -22"><span class='ocrx_word' id='word_1_116' title='bbox 122 1831 274 1895; x_wconf 84' lang='lat' dir='ltr'>liberrime</span> <span class='ocrx_word' id='word_1_117' title='bbox 287 1832 437 1911; x_wconf 84' lang='lat' dir='ltr'>protessus</span> <span class='ocrx_word' id='word_1_118' title='bbox 449 1841 505 1908; x_wconf 89' lang='lat' dir='ltr'>est,</span> <span class='ocrx_word' id='word_1_119' title='bbox 519 1832 727 1910; x_wconf 81' lang='lat' dir='ltr'>Athenienses,</span> <span class='ocrx_word' id='word_1_120' title='bbox 741 1852 795 1895; x_wconf 93' lang='lat' dir='ltr'>suo</span> <span class='ocrx_word' id='word_1_121' title='bbox 812 1833 949 1910; x_wconf 91' lang='lat' dir='ltr'>consilio,</span> <span class='ocrx_word' id='word_1_122' title='bbox 963 1835 1042 1914; x_wconf 95' lang='lat' dir='ltr'>quod</span> 
     </span>
     <span class='ocr_line' id='line_1_18' title="bbox 124 1928 1045 2011; baseline 0.003 -21"><span class='ocrx_word' id='word_1_123' title='bbox 124 1928 274 1991; x_wconf 90' lang='lat' dir='ltr'>communi</span> <span class='ocrx_word' id='word_1_124' title='bbox 291 1928 355 1991; x_wconf 88' lang='lat' dir='ltr'>iure</span> <span class='ocrx_word' id='word_1_125' title='bbox 369 1928 501 2007; x_wconf 82' lang='lat' dir='ltr'>gentium</span> <span class='ocrx_word' id='word_1_126' title='bbox 522 1930 570 2010; x_wconf 89' lang='lat'>(3)</span> <span class='ocrx_word' id='word_1_127' title='bbox 589 1930 686 1993; x_wconf 86' lang='lat' dir='ltr'>lacere</span> <span class='ocrx_word' id='word_1_128' title='bbox 705 1945 838 2009; x_wconf 89' lang='lat' dir='ltr'>possent,</span> <span class='ocrx_word' id='word_1_129' title='bbox 856 1929 931 1993; x_wconf 88' lang='lat' dir='ltr'>Deos</span> <span class='ocrx_word' id='word_1_130' title='bbox 947 1930 1045 2011; x_wconf 91' lang='lat' dir='ltr'>publi·</span> 
     </span>
     <span class='ocr_line' id='line_1_19' title="bbox 120 2027 1043 2108; baseline 0.004 -22"><span class='ocrx_word' id='word_1_131' title='bbox 120 2045 182 2103; x_wconf 85' lang='lat' dir='ltr'>cos,</span> <span class='ocrx_word' id='word_1_132' title='bbox 211 2044 341 2106; x_wconf 84' lang='lat' dir='ltr'>suosque</span> <span class='ocrx_word' id='word_1_133' title='bbox 360 2027 483 2107; x_wconf 92' lang='lat' dir='ltr'>patrios,</span> <span class='ocrx_word' id='word_1_134' title='bbox 502 2045 537 2088; x_wconf 85' lang='lat' dir='ltr'>ac</span> <span class='ocrx_word' id='word_1_135' title='bbox 559 2035 680 2107; x_wconf 92' lang='lat' dir='ltr'>penates</span> <span class='ocrx_word' id='word_1_136' title='bbox 700 2028 764 2108; x_wconf 83' lang='lat' dir='ltr'>(d),</span> <span class='ocrx_word' id='word_1_137' title='bbox 783 2047 842 2108; x_wconf 93' lang='lat' dir='ltr'>quo</span> <span class='ocrx_word' id='word_1_138' title='bbox 868 2027 984 2090; x_wconf 85' lang='lat' dir='ltr'>facilius</span> <span class='ocrx_word' id='word_1_139' title='bbox 1007 2027 1043 2091; x_wconf 88' lang='lat' dir='ltr'>ab</span> 
     </span>
     <span class='ocr_line' id='line_1_20' title="bbox 124 2123 1042 2206; baseline 0.003 -22"><span class='ocrx_word' id='word_1_140' title='bbox 124 2124 206 2186; x_wconf 90' lang='lat' dir='ltr'>hoste</span> <span class='ocrx_word' id='word_1_141' title='bbox 223 2131 346 2205; x_wconf 90' lang='lat' dir='ltr'>possent</span> <span class='ocrx_word' id='word_1_142' title='bbox 363 2123 544 2200; x_wconf 82' lang='lat' dir='ltr'>defendere,</span> <span class='ocrx_word' id='word_1_143' title='bbox 569 2126 661 2187; x_wconf 90' lang='lat' dir='ltr'>muris</span> <span class='ocrx_word' id='word_1_144' title='bbox 688 2126 832 2206; x_wconf 88' lang='lat' dir='ltr'>sepsisse:</span> <span class='ocrx_word' id='word_1_145' title='bbox 853 2142 950 2205; x_wconf 93' lang='lat' dir='ltr'>neque</span> <span class='ocrx_word' id='word_1_146' title='bbox 977 2143 1042 2202; x_wconf 93' lang='lat' dir='ltr'>eos,</span> 
     </span>
     <span class='ocr_line' id='line_1_21' title="bbox 124 2220 1041 2302; baseline 0 -20"><span class='ocrx_word' id='word_1_147' title='bbox 124 2220 201 2302; x_wconf 94' lang='lat' dir='ltr'>quod</span> <span class='ocrx_word' id='word_1_148' title='bbox 219 2220 327 2282; x_wconf 90' lang='lat' dir='ltr'>inutile</span> <span class='ocrx_word' id='word_1_149' title='bbox 344 2229 421 2282; x_wconf 92' lang='lat' dir='ltr'>esset</span> <span class='ocrx_word' id='word_1_150' title='bbox 440 2220 596 2298; x_wconf 87' lang='lat' dir='ltr'>Graeciae,</span> <span class='ocrx_word' id='word_1_151' title='bbox 616 2224 737 2299; x_wconf 83' lang='lat' dir='ltr'>lecisse3</span> <span class='ocrx_word' id='word_1_152' title='bbox 757 2240 825 2284; x_wconf 88' lang='lat' dir='ltr'>nam</span> <span class='ocrx_word' id='word_1_153' title='bbox 843 2221 962 2283; x_wconf 94' lang='lat' dir='ltr'>illorum</span> <span class='ocrx_word' id='word_1_154' title='bbox 987 2240 1041 2282; x_wconf 92' lang='lat' dir='ltr'>ur-</span> 
     </span>
     <span class='ocr_line' id='line_1_22' title="bbox 123 2318 1052 2401; baseline 0 -21"><span class='ocrx_word' id='word_1_155' title='bbox 123 2318 207 2396; x_wconf 88' lang='lat' dir='ltr'>bem,</span> <span class='ocrx_word' id='word_1_156' title='bbox 240 2328 273 2380; x_wconf 90' lang='lat' dir='ltr'>ut</span> <span class='ocrx_word' id='word_1_157' title='bbox 300 2319 569 2400; x_wconf 80' lang='lat' dir='ltr'>propugnaculum,</span> <span class='ocrx_word' id='word_1_158' title='bbox 601 2319 765 2401; x_wconf 89' lang='lat' dir='ltr'>oppositam</span> <span class='ocrx_word' id='word_1_159' title='bbox 792 2337 857 2382; x_wconf 87' lang='lat' dir='ltr'>esse</span> <span class='ocrx_word' id='word_1_160' title='bbox 886 2319 1020 2382; x_wconf 87' lang='lat' dir='ltr'>barbaris</span> <span class='ocrx_word' id='word_1_161' title='bbox 1046 2390 1052 2397; x_wconf 11' lang='grc' dir='ltr'>Α,</span> 
     </span>
    </p>
   </div>
   <div class='ocr_carea' id='block_1_3' title="bbox 124 2543 1043 2757">
    <p class='ocr_par' dir='ltr' id='par_1_3' title="bbox 124 2543 1043 2757">
     <span class='ocr_line' id='line_1_23' title="bbox 151 2543 1042 2628; baseline 0.003 -22"><span class='ocrx_word' id='word_1_162' title='bbox 151 2561 183 2620; x_wconf 76' lang='grc' dir='ltr'>Η)</span> <span class='ocrx_word' id='word_1_163' title='bbox 194 2562 227 2607; x_wconf 79' lang='lat' dir='ltr'>ab</span> <span class='ocrx_word' id='word_1_164' title='bbox 239 2563 275 2610; x_wconf 77' lang='lat' dir='ltr'>inl</span> <span class='ocrx_word' id='word_1_165' title='bbox 292 2562 315 2607; x_wconf 85' lang='lat' dir='ltr'>el</span> <span class='ocrx_word' id='word_1_166' title='bbox 327 2553 389 2628; x_wconf 70' lang='grc' dir='ltr'>ὁρᾶω</span> <span class='ocrx_word' id='word_1_167' title='bbox 401 2564 427 2606; x_wconf 81' lang='lat' dir='ltr'>to</span> <span class='ocrx_word' id='word_1_168' title='bbox 442 2562 466 2607; x_wconf 87' lang='lat' dir='ltr'>et</span> <span class='ocrx_word' id='word_1_169' title='bbox 478 2564 562 2620; x_wconf 70' lang='lat' dir='ltr'>spicio,</span> <span class='ocrx_word' id='word_1_170' title='bbox 577 2543 661 2621; x_wconf 86' lang='lat' dir='ltr'>ephori</span> <span class='ocrx_word' id='word_1_171' title='bbox 679 2562 828 2620; x_wconf 73' lang='lat' dir='ltr'>quinquenni</span> <span class='ocrx_word' id='word_1_172' title='bbox 842 2562 897 2608; x_wconf 91' lang='lat' dir='ltr'>sunt</span> <span class='ocrx_word' id='word_1_173' title='bbox 915 2562 1025 2620; x_wconf 85' lang='lat' dir='ltr'>appellati</span> <span class='ocrx_word' id='word_1_174' title='bbox 1038 2619 1042 2627; x_wconf 84' lang='lat'><strong>.</strong></span> 
     </span>
     <span class='ocr_line' id='line_1_24' title="bbox 124 2629 1043 2690; baseline 0.001 -15"><span class='ocrx_word' id='word_1_175' title='bbox 124 2641 224 2685; x_wconf 88' lang='lat' dir='ltr'>quorum</span> <span class='ocrx_word' id='word_1_176' title='bbox 236 2629 273 2674; x_wconf 82' lang='lat' dir='ltr'>vel</span> <span class='ocrx_word' id='word_1_177' title='bbox 288 2631 312 2675; x_wconf 91' lang='lat' dir='ltr'>in</span> <span class='ocrx_word' id='word_1_178' title='bbox 325 2640 404 2688; x_wconf 85' lang='lat' dir='ltr'>reges,</span> <span class='ocrx_word' id='word_1_179' title='bbox 423 2630 536 2686; x_wconf 89' lang='lat' dir='ltr'>nullaque</span> <span class='ocrx_word' id='word_1_180' title='bbox 552 2630 717 2687; x_wconf 83' lang='lat' dir='ltr'>provocatione</span> <span class='ocrx_word' id='word_1_181' title='bbox 728 2630 788 2690; x_wconf 88' lang='lat' dir='ltr'>data,</span> <span class='ocrx_word' id='word_1_182' title='bbox 802 2631 891 2676; x_wconf 88' lang='lat' dir='ltr'>valeret</span> <span class='ocrx_word' id='word_1_183' title='bbox 908 2633 1043 2685; x_wconf 74' lang='lat' dir='ltr'>auctoritas,</span> 
     </span>
     <span class='ocr_line' id='line_1_25' title="bbox 124 2695 1041 2757; baseline 0.003 -16"><span class='ocrx_word' id='word_1_184' title='bbox 124 2697 197 2743; x_wconf 81' lang='lat' dir='ltr'>Primo</span> <span class='ocrx_word' id='word_1_185' title='bbox 208 2697 286 2741; x_wconf 81' lang='lat' dir='ltr'>autem</span> <span class='ocrx_word' id='word_1_186' title='bbox 301 2697 431 2742; x_wconf 89' lang='lat' dir='ltr'>messeuico</span> <span class='ocrx_word' id='word_1_187' title='bbox 446 2695 509 2742; x_wconf 91' lang='lat' dir='ltr'>bello</span> <span class='ocrx_word' id='word_1_188' title='bbox 529 2697 627 2742; x_wconf 86' lang='lat' dir='ltr'>instituti</span> <span class='ocrx_word' id='word_1_189' title='bbox 650 2695 721 2743; x_wconf 88' lang='lat' dir='ltr'>luisse</span> <span class='ocrx_word' id='word_1_190' title='bbox 742 2697 864 2757; x_wconf 87' lang='lat' dir='ltr'>dicuntur,</span> <span class='ocrx_word' id='word_1_191' title='bbox 879 2698 917 2756; x_wconf 91' lang='lat' dir='ltr'>ut,</span> <span class='ocrx_word' id='word_1_192' title='bbox 933 2710 1041 2756; x_wconf 77' lang='lat' dir='ltr'>pugnan-</span> 
     </span>
    </p>
   </div>
   <div class='ocr_carea' id='block_1_4' title="bbox 125 2763 1126 2837">
    <p class='ocr_par' dir='ltr' id='par_1_4' title="bbox 125 2763 1126 2837">
     <span class='ocr_line' id='line_1_26' title="bbox 125 2763 1126 2837; baseline 0.002 -29"><span class='ocrx_word' id='word_1_193' title='bbox 125 2763 183 2809; x_wconf 88' lang='lat' dir='ltr'>tibus</span> <span class='ocrx_word' id='word_1_194' title='bbox 205 2763 288 2808; x_wconf 85' lang='lat' dir='ltr'>contra</span> <span class='ocrx_word' id='word_1_195' title='bbox 310 2764 432 2809; x_wconf 86' lang='lat' dir='ltr'>ldessenios</span> <span class='ocrx_word' id='word_1_196' title='bbox 453 2763 563 2822; x_wconf 79' lang='lat' dir='ltr'>regibus,</span> <span class='ocrx_word' id='word_1_197' title='bbox 587 2775 657 2823; x_wconf 89' lang='lat' dir='ltr'>opem</span> <span class='ocrx_word' id='word_1_198' title='bbox 682 2764 781 2811; x_wconf 86' lang='lat' dir='ltr'>turbatis</span> <span class='ocrx_word' id='word_1_199' title='bbox 805 2765 888 2824; x_wconf 80' lang='lat' dir='ltr'>populi</span> <span class='ocrx_word' id='word_1_200' title='bbox 911 2764 981 2811; x_wconf 91' lang='lat' dir='ltr'>rebus</span> <span class='ocrx_word' id='word_1_201' title='bbox 1009 2765 1043 2810; x_wconf 84' lang='lat' dir='ltr'>al·</span> <span class='ocrx_word' id='word_1_202' title='bbox 1124 2833 1126 2837; x_wconf 14' lang='lat' dir='ltr'>y</span> 
     </span>
    </p>
   </div>
   <div class='ocr_carea' id='block_1_5' title="bbox 124 2827 1044 3230">
    <p class='ocr_par' dir='ltr' id='par_1_5' title="bbox 124 2827 217 2875">
     <span class='ocr_line' id='line_1_27' title="bbox 124 2827 217 2875; baseline 0.032 -3"><span class='ocrx_word' id='word_1_203' title='bbox 124 2827 217 2875; x_wconf 85' lang='lat' dir='ltr'>terrent.</span> 
     </span>
    </p>

    <p class='ocr_par' dir='ltr' id='par_1_6' title="bbox 125 2896 1043 3093">
     <span class='ocr_line' id='line_1_28' title="bbox 151 2896 1043 2960; baseline 0.004 -18"><span class='ocrx_word' id='word_1_204' title='bbox 151 2896 183 2954; x_wconf 72' lang='lat'>(2)</span> <span class='ocrx_word' id='word_1_205' title='bbox 197 2896 229 2942; x_wconf 81' lang='lat' dir='ltr'>nd</span> <span class='ocrx_word' id='word_1_206' title='bbox 246 2898 406 2955; x_wconf 84' lang='lat' dir='ltr'>magistratum</span> <span class='ocrx_word' id='word_1_207' title='bbox 418 2898 560 2956; x_wconf 88' lang='lat' dir='ltr'>ephororum</span> <span class='ocrx_word' id='word_1_208' title='bbox 572 2901 595 2944; x_wconf 85' lang='lat' dir='ltr'>et</span> <span class='ocrx_word' id='word_1_209' title='bbox 611 2899 717 2944; x_wconf 84' lang='lat' dir='ltr'>sanatum</span> <span class='ocrx_word' id='word_1_210' title='bbox 732 2899 786 2944; x_wconf 91' lang='lat' dir='ltr'>octo</span> <span class='ocrx_word' id='word_1_211' title='bbox 802 2901 826 2957; x_wconf 74' lang='lat' dir='ltr'>el</span> <span class='ocrx_word' id='word_1_212' title='bbox 840 2898 923 2954; x_wconf 86' lang='lat' dir='ltr'>viginti</span> <span class='ocrx_word' id='word_1_213' title='bbox 937 2900 1024 2946; x_wconf 84' lang='lat' dir='ltr'>civium</span> <span class='ocrx_word' id='word_1_214' title='bbox 1038 2936 1043 2960; x_wconf 89' lang='lat'>,</span> 
     </span>
     <span class='ocr_line' id='line_1_29' title="bbox 125 2963 1043 3032; baseline 0.003 -23"><span class='ocrx_word' id='word_1_215' title='bbox 125 2966 170 3024; x_wconf 88' lang='lat' dir='ltr'>qui,</span> <span class='ocrx_word' id='word_1_216' title='bbox 184 2966 213 3010; x_wconf 90' lang='lat' dir='ltr'>ut</span> <span class='ocrx_word' id='word_1_217' title='bbox 227 2967 347 3010; x_wconf 85' lang='lat' dir='ltr'>senatores</span> <span class='ocrx_word' id='word_1_218' title='bbox 363 2965 425 3022; x_wconf 85' lang='lat' dir='ltr'>upud</span> <span class='ocrx_word' id='word_1_219' title='bbox 441 2966 677 3032; x_wconf 73' lang='lat' dir='ltr'>Romanos,pip·oares</span> <span class='ocrx_word' id='word_1_220' title='bbox 688 2977 763 3023; x_wconf 69' lang='lat' dir='ltr'>seam,</span> <span class='ocrx_word' id='word_1_221' title='bbox 779 2964 850 3010; x_wconf 91' lang='lat' dir='ltr'>ducto</span> <span class='ocrx_word' id='word_1_222' title='bbox 864 2963 894 3009; x_wconf 91' lang='lat' dir='ltr'>ab</span> <span class='ocrx_word' id='word_1_223' title='bbox 909 2967 985 3012; x_wconf 83' lang='lat' dir='ltr'>aelata</span> <span class='ocrx_word' id='word_1_224' title='bbox 1000 2978 1043 3012; x_wconf 88' lang='lat' dir='ltr'>no·</span> 
     </span>
     <span class='ocr_line' id='line_1_30' title="bbox 125 3032 386 3093; baseline 0 -16"><span class='ocrx_word' id='word_1_225' title='bbox 125 3033 192 3093; x_wconf 90' lang='lat' dir='ltr'>mine,</span> <span class='ocrx_word' id='word_1_226' title='bbox 207 3032 386 3091; x_wconf 82' lang='lat' dir='ltr'>appellarentur.</span> 
     </span>
    </p>

    <p class='ocr_par' dir='ltr' id='par_1_7' title="bbox 125 3097 1044 3230">
     <span class='ocr_line' id='line_1_31' title="bbox 152 3097 1044 3160; baseline 0.004 -16"><span class='ocrx_word' id='word_1_227' title='bbox 152 3100 181 3152; x_wconf 75' lang='lat'>‹5›</span> <span class='ocrx_word' id='word_1_228' title='bbox 198 3101 305 3145; x_wconf 87' lang='lat' dir='ltr'>Latinum</span> <span class='ocrx_word' id='word_1_229' title='bbox 320 3100 344 3145; x_wconf 91' lang='lat' dir='ltr'>et</span> <span class='ocrx_word' id='word_1_230' title='bbox 358 3100 495 3158; x_wconf 84' lang='lat' dir='ltr'>scriptorem</span> <span class='ocrx_word' id='word_1_231' title='bbox 511 3101 637 3157; x_wconf 80' lang='lat' dir='ltr'>rugosiore</span> <span class='ocrx_word' id='word_1_232' title='bbox 649 3097 711 3144; x_wconf 84' lang='lat' dir='ltr'>itlius</span> <span class='ocrx_word' id='word_1_233' title='bbox 726 3100 804 3145; x_wconf 68' lang='lat' dir='ltr'>acutis</span> <span class='ocrx_word' id='word_1_234' title='bbox 819 3100 979 3159; x_wconf 83' lang='lat' dir='ltr'>agnoscimus,</span> <span class='ocrx_word' id='word_1_235' title='bbox 995 3113 1044 3160; x_wconf 83' lang='lat' dir='ltr'>qua</span> 
     </span>
     <span class='ocr_line' id='line_1_32' title="bbox 125 3165 1042 3230; baseline 0.008 -21"><span class='ocrx_word' id='word_1_236' title='bbox 125 3165 173 3211; x_wconf 83' lang='lat' dir='ltr'>lura</span> <span class='ocrx_word' id='word_1_237' title='bbox 188 3169 292 3223; x_wconf 80' lang='lat' dir='ltr'>gentium</span> <span class='ocrx_word' id='word_1_238' title='bbox 306 3169 329 3211; x_wconf 91' lang='lat' dir='ltr'>ln</span> <span class='ocrx_word' id='word_1_239' title='bbox 345 3170 450 3214; x_wconf 87' lang='lat' dir='ltr'>universa</span> <span class='ocrx_word' id='word_1_240' title='bbox 464 3169 505 3213; x_wconf 91' lang='lat' dir='ltr'>illa</span> <span class='ocrx_word' id='word_1_241' title='bbox 520 3169 611 3216; x_wconf 87' lang='lat' dir='ltr'>romani</span> <span class='ocrx_word' id='word_1_242' title='bbox 622 3167 713 3225; x_wconf 90' lang='lat' dir='ltr'>imperii</span> <span class='ocrx_word' id='word_1_243' title='bbox 724 3169 785 3214; x_wconf 88' lang='lat' dir='ltr'>mole</span> <span class='ocrx_word' id='word_1_244' title='bbox 797 3168 948 3214; x_wconf 83' lang='lat' dir='ltr'>animadverti</span> <span class='ocrx_word' id='word_1_245' title='bbox 959 3174 1042 3230; x_wconf 88' lang='lat' dir='ltr'>coepta</span> 
     </span>
    </p>
   </div>
   <div class='ocr_carea' id='block_1_6' title="bbox 125 3234 1136 3285">
    <p class='ocr_par' dir='ltr' id='par_1_8' title="bbox 125 3234 1136 3285">
     <span class='ocr_line' id='line_1_33' title="bbox 125 3234 1136 3285; baseline 0.008 -7"><span class='ocrx_word' id='word_1_246' title='bbox 125 3238 183 3282; x_wconf 84' lang='lat' dir='ltr'>sunt.</span> <span class='ocrx_word' id='word_1_247' title='bbox 199 3236 243 3282; x_wconf 90' lang='lat' dir='ltr'>Sed</span> <span class='ocrx_word' id='word_1_248' title='bbox 260 3236 421 3282; x_wconf 82' lang='lat' dir='ltr'>Themistoclis</span> <span class='ocrx_word' id='word_1_249' title='bbox 441 3237 515 3282; x_wconf 85' lang='lat' dir='ltr'>aelate</span> <span class='ocrx_word' id='word_1_250' title='bbox 531 3234 635 3281; x_wconf 89' lang='lat' dir='ltr'>nondum</span> <span class='ocrx_word' id='word_1_251' title='bbox 654 3246 731 3282; x_wconf 89' lang='lat' dir='ltr'>rerum</span> <span class='ocrx_word' id='word_1_252' title='bbox 747 3238 770 3282; x_wconf 90' lang='lat' dir='ltr'>el</span> <span class='ocrx_word' id='word_1_253' title='bbox 781 3237 937 3282; x_wconf 83' lang='lat' dir='ltr'>doctrinarum</span> <span class='ocrx_word' id='word_1_254' title='bbox 953 3238 1043 3285; x_wconf 84' lang='lat' dir='ltr'>indoles</span> <span class='ocrx_word' id='word_1_255' title='bbox 1135 3235 1136 3239; x_wconf 68' lang='grc'>’</span> 
     </span>
    </p>
   </div>
   <div class='ocr_carea' id='block_1_7' title="bbox 125 3301 1043 3496">
    <p class='ocr_par' dir='ltr' id='par_1_9' title="bbox 125 3301 1043 3496">
     <span class='ocr_line' id='line_1_34' title="bbox 126 3301 1043 3365; baseline 0.009 -21"><span class='ocrx_word' id='word_1_256' title='bbox 126 3301 163 3348; x_wconf 78' lang='lat' dir='ltr'>itte</span> <span class='ocrx_word' id='word_1_257' title='bbox 178 3305 283 3365; x_wconf 83' lang='lat' dir='ltr'>rigebat,</span> <span class='ocrx_word' id='word_1_258' title='bbox 309 3317 356 3362; x_wconf 91' lang='lat' dir='ltr'>qua</span> <span class='ocrx_word' id='word_1_259' title='bbox 367 3306 514 3363; x_wconf 87' lang='lat' dir='ltr'>postmodum</span> <span class='ocrx_word' id='word_1_260' title='bbox 528 3301 617 3349; x_wconf 85' lang='lat' dir='ltr'>lactum</span> <span class='ocrx_word' id='word_1_261' title='bbox 634 3305 677 3363; x_wconf 88' lang='lat' dir='ltr'>est,</span> <span class='ocrx_word' id='word_1_262' title='bbox 698 3305 726 3350; x_wconf 91' lang='lat' dir='ltr'>ut</span> <span class='ocrx_word' id='word_1_263' title='bbox 747 3305 785 3350; x_wconf 84' lang='lat' dir='ltr'>lus</span> <span class='ocrx_word' id='word_1_264' title='bbox 799 3305 903 3362; x_wconf 81' lang='lat' dir='ltr'>gentium</span> <span class='ocrx_word' id='word_1_265' title='bbox 923 3307 1043 3364; x_wconf 85' lang='lat' dir='ltr'>paullatim</span> 
     </span>
     <span class='ocr_line' id='line_1_35' title="bbox 125 3370 1032 3430; baseline 0.007 -16"><span class='ocrx_word' id='word_1_266' title='bbox 125 3370 264 3418; x_wconf 80' lang='lat' dir='ltr'>adolesceret</span> <span class='ocrx_word' id='word_1_267' title='bbox 279 3374 303 3418; x_wconf 89' lang='lat' dir='ltr'>et</span> <span class='ocrx_word' id='word_1_268' title='bbox 317 3372 387 3417; x_wconf 88' lang='lat' dir='ltr'>tacito</span> <span class='ocrx_word' id='word_1_269' title='bbox 402 3371 503 3430; x_wconf 89' lang='lat' dir='ltr'>quodam</span> <span class='ocrx_word' id='word_1_270' title='bbox 518 3371 658 3430; x_wconf 86' lang='lat' dir='ltr'>populorum</span> <span class='ocrx_word' id='word_1_271' title='bbox 668 3384 782 3419; x_wconf 84' lang='lat' dir='ltr'>consensu</span> <span class='ocrx_word' id='word_1_272' title='bbox 798 3373 901 3419; x_wconf 85' lang='lat' dir='ltr'>sanctum</span> <span class='ocrx_word' id='word_1_273' title='bbox 915 3373 1032 3420; x_wconf 73' lang='lat' dir='ltr'>firmatum</span> 
     </span>
     <span class='ocr_line' id='line_1_36' title="bbox 127 3437 371 3496; baseline 0.008 -15"><span class='ocrx_word' id='word_1_274' title='bbox 127 3447 170 3493; x_wconf 85' lang='lat' dir='ltr'>qua</span> <span class='ocrx_word' id='word_1_275' title='bbox 184 3437 288 3496; x_wconf 82' lang='lat' dir='ltr'>denique</span> <span class='ocrx_word' id='word_1_276' title='bbox 303 3440 371 3484; x_wconf 87' lang='lat' dir='ltr'>esset.</span> 
     </span>
    </p>
   </div>
   <div class='ocr_carea' id='block_1_8' title="bbox 155 3503 1029 3569">
    <p class='ocr_par' dir='ltr' id='par_1_10' title="bbox 155 3503 1029 3569">
     <span class='ocr_line' id='line_1_37' title="bbox 155 3503 1029 3569; baseline 0.007 -20"><span class='ocrx_word' id='word_1_277' title='bbox 155 3504 184 3562; x_wconf 76' lang='lat' dir='ltr'>ll)</span> <span class='ocrx_word' id='word_1_278' title='bbox 197 3503 259 3552; x_wconf 84' lang='lat' dir='ltr'>ltul.:</span> <span class='ocrx_word' id='word_1_279' title='bbox 278 3505 315 3551; x_wconf 75' lang='lat' dir='ltr'>etr</span> <span class='ocrx_word' id='word_1_280' title='bbox 325 3505 362 3551; x_wconf 83' lang='lat' dir='ltr'>dei</span> <span class='ocrx_word' id='word_1_281' title='bbox 373 3505 432 3552; x_wconf 80' lang='lat' dir='ltr'>dello</span> <span class='ocrx_word' id='word_1_282' title='bbox 446 3507 531 3567; x_wconf 79' lang='lat' dir='ltr'>Grecic,</span> <span class='ocrx_word' id='word_1_283' title='bbox 547 3506 608 3565; x_wconf 68' lang='lat' dir='ltr'>cepta·</span> <span class='ocrx_word' id='word_1_284' title='bbox 622 3508 725 3552; x_wconf 81' lang='lat' dir='ltr'>Ateaicst</span> <span class='ocrx_word' id='word_1_285' title='bbox 733 3540 739 3566; x_wconf 89' lang='lat'>,</span> <span class='ocrx_word' id='word_1_286' title='bbox 755 3519 767 3551; x_wconf 81' lang='lat' dir='ltr'>a</span> <span class='ocrx_word' id='word_1_287' title='bbox 781 3506 931 3569; x_wconf 68' lang='lat' dir='ltr'>idamipltart</span> <span class='ocrx_word' id='word_1_288' title='bbox 941 3511 1029 3566; x_wconf 82' lang='lat' dir='ltr'>penult.</span> 
     </span>
    </p>
   </div>
   <div class='ocr_carea' id='block_1_9' title="bbox 0 0 1235 3938">
    <p class='ocr_par' dir='ltr' id='par_1_11' title="bbox 0 0 1235 3938">
     <span class='ocr_line' id='line_1_38' title="bbox 0 0 1235 3938; baseline 0 0"><span class='ocrx_word' id='word_1_289' title='bbox 0 0 1235 3938; x_wconf 95' lang='lat' dir='ltr'> </span> 
     </span>
    </p>
   </div>
  </div>
 </body>
</html>
