2452 3938
512 255 673 301 rauserias
1015 236 1054 300 3¹l

125 348 193 413 ricc
209 364 281 430 erpo
298 347 432 429 Apollini
446 349 556 412 donum
568 350 680 411 dedisse
692 347 751 429 (l).
768 346 829 410 Hos
847 365 949 409 versus
964 344 1056 408 Lace-

126 443 279 508 daemonii
306 446 514 526 exculpserunt
540 444 606 525 (P);
636 463 733 525 neque
760 444 838 506 aliud
857 443 1052 524 seripserunt,

126 559 216 623 quam
237 539 361 603 nomina
373 558 474 603 earum
492 540 657 618 civitatum,
673 558 800 622 quarum
819 539 928 602 auxilio
946 538 1054 602 Persae

130 646 217 699 erant
235 637 316 699 victi.

166 733 205 796 ll.
225 733 296 796 Post
313 734 343 797 id
359 734 519 817 proelium,
539 733 677 798 cumdem
690 733 867 797 Pausaniam
880 751 948 796 cum
960 734 1053 796 classe
1061 766 1083 798 e.
1093 752 1132 796 ur

126 831 279 894 communi
309 831 436 912 Cyprum
458 831 506 912 (3)
533 840 623 913 alque
641 831 864 913 Hellespontum
896 831 1052 910 miserunt,

124 938 157 991 ut
177 948 214 990 ex
234 929 280 990 his
297 929 471 1007 regionibus
496 928 691 991 barbarorum
712 929 860 1010 praesidia
878 921 1052 1011 depelleret.

122 1025 191 1087 Pari
207 1025 350 1087 felicitate
367 1027 398 1086 in
417 1045 453 1088 ca
470 1045 502 1088 re
520 1044 615 1103 usus,
637 1025 743 1088 elatius
766 1045 798 1088 se
819 1045 921 1105 gerere
941 1026 1051 1107 coepit,

124 1123 313 1204 maioresque
338 1131 479 1203 appetere
497 1141 555 1185 res.
575 1121 648 1184 Nam
668 1142 748 1199 cum,
772 1122 908 1204 Byzantio
928 1123 976 1205 (l)
999 1143 1051 1186 ex-

126 1228 269 1301 pugnato,
297 1220 425 1300 cepisset
442 1221 610 1302 complures
633 1219 790 1281 Persarum
810 1219 939 1296 nobiles,
962 1229 1052 1301 atque

123 1316 219 1378 iubis
237 1316 398 1379 nonnullos
415 1317 476 1395 regi
496 1317 696 1399 propinquos,
720 1315 774 1378 hos
800 1317 876 1378 clam
894 1315 982 1378 Xerxi
1000 1335 1051 1379 rc·
1080 1316 1083 1323 '

125 1413 226 1487 misit,
245 1414 390 1475 simulans
408 1432 443 1475 ex
473 1414 599 1475 vinculis
617 1413 745 1495 publicis
764 1413 916 1493 effugisse;
936 1423 1050 1475 etcum

124 1509 171 1570 his
189 1507 353 1592 Gongylum
368 1510 581 1589 Eretriensem,
605 1511 657 1593 qui
676 1510 790 1573 litteras
808 1511 871 1590 regi
898 1511 1050 1588 redderet,

124 1605 279 1687 inquibus
294 1606 367 1670 haec
380 1607 471 1669 luisse
488 1609 597 1690 scripta
609 1607 794 1689 Thucydides
809 1607 972 1671 memoriae
985 1627 1053 1689 pro·

124 1702 210 1765 didit:
230 1704 412 1780 Pausanias,
431 1704 495 1768 data
515 1706 651 1785 Spartae,
672 1722 744 1784 quos
756 1705 904 1785 Byzantii
923 1713 1049 1786 ceperat,

121 1807 278 1880 postquem
290 1802 473 1880 propinquos
490 1809 556 1864 taos
572 1803 722 1882 copnooit,
745 1802 800 1864 tili
820 1803 940 1865 morteri
956 1804 1052 1879 misit,-

122 1913 210 1976 eequo
222 1904 316 1959 tomam
330 1897 472 1976 affinitate
488 1899 632 1979 conionpi
648 1900 737 1978 capit.
763 1897 873 1975 Quare,
892 1899 919 1961 si
937 1900 990 1962 tili
1002 1901 1050 1962 oi-

123 1993 224 2075 delae,
240 1994 289 2056 des
306 1994 334 2056 ci
347 1995 441 2074 filiam
455 2004 537 2057 tuom
547 2005 684 2074 nuptam.
702 1996 771 2058 Idri
784 1996 900 2074 formis,
913 2004 940 2059 et
955 1997 1050 2076 spar-

123 2099 187 2154 tom
204 2086 232 2153 ol
249 2098 377 2154 ceteram
393 2093 611 2155 Graeciumsol
624 2101 709 2156 tuom
721 2100 905 2171 potestatem,
917 2111 948 2156 se
959 2096 1050 2156 odio·

122 2195 225 2264 vante,
245 2195 272 2251 te
291 2189 493 2265 redactorum,
513 2189 681 2269 pollicetar.
701 2191 756 2252 His
773 2191 807 2251 de
831 2191 919 2252 relus
935 2191 963 2252 si
979 2192 1050 2269 quid

122 2285 190 2367 peri
203 2284 345 2358 colomis,
360 2293 471 2348 certam
487 2287 636 2349 hominem
647 2288 687 2350 ad
698 2304 765 2348 eom
778 2287 878 2349 mittas
890 2288 966 2368 soce,
982 2305 1050 2362 cum

108 2376 180 2461 'paco
197 2381 391 2460 colloquatur.
412 2381 495 2458 Rex,
525 2390 569 2444 tot
594 2382 748 2446 hominum
767 2384 882 2461 salute,
910 2395 969 2448 tam
981 2386 1048 2461 ‚sibi

123 2477 375 2556 necessariorum,
396 2497 577 2561 magnopere
593 2481 722 2559 gavisus,
735 2481 892 2544 confestim
905 2501 971 2545 oum
985 2483 1049 2564 epi-

122 2577 199 2638 stola
216 2573 394 2637 Artabazum
410 2575 445 2638 ad
464 2575 642 2640 Pausaniam
663 2578 764 2655 mittit,
781 2579 811 2640 in
827 2598 969 2660 quaeum
988 2581 1048 2642 col·

123 2671 245 2748 laudat,
266 2688 300 2732 ac
319 2672 415 2752 petit,
436 2691 474 2735 ne
492 2674 540 2736 cui
557 2675 601 2736 rei
620 2685 723 2756 parcat
740 2676 776 2738 ad
801 2694 836 2738 ea
854 2677 1046 2759 perficienda,

155 2847 189 2903 (l)
204 2846 259 2893 Duo
275 2846 356 2891 Graeci
364 2844 462 2892 luerunt
473 2846 598 2895 Simonidis
612 2849 695 2907 politae
709 2860 797 2896 versus:

264 2912 377 2967 Ἐλλήνων
394 2913 500 2981 ἀρχηγὸς,
518 2918 571 2969 ἠπεὶ
587 2921 684 2984 στρατὸν
700 2916 768 2964 ὤλεσε
785 2916 880 2982 Μήδων,

293 2991 421 3040 Παυσανίας
438 2993 512 3058 Φοίβῳ
523 2992 595 3053 μνῆμ’
614 2992 705 3045 ἀνέθηκε
721 2991 784 3040 τόδε.

273 3067 338 3113 once
355 3064 392 3111 del
407 3067 483 3127 Greci,
496 3069 536 3124 poi
550 3069 595 3114 cho
610 3068 627 3113 it
642 3068 709 3113 Medo
724 3067 864 3130 birmento,

301 3133 412 3178 Pausania
432 3134 523 3180 aFebo
537 3137 621 3193 questo
637 3135 797 3181 monumento.

153 3198 188 3257 (2)
202 3199 338 3247 Eraserunt.

152 3266 186 3325 (ὅ)
197 3268 301 3316 Insulam
311 3266 476 3315 Medllorranei
489 3269 560 3315 maris
574 3271 657 3315 contra
671 3270 772 3316 ciliciam
787 3270 812 3315 ln
825 3271 878 3316 Asia
891 3271 989 3323 illuto.

155 3334 185 3391 ll)
200 3337 254 3382 rurt
269 3335 325 3382 urba
336 3335 451 3382 Thraciae
465 3338 538 3396 copul
552 3339 613 3384 inter
626 3338 771 3398 Bosphorum
787 3338 900 3385 tlrrnclum
912 3342 944 3394 (tt
954 3355 1010 3388 mar
1023 3345 1050 3390 dt

125 3399 268 3463 Marmara)
281 3405 305 3450 et
319 3405 419 3469 pontum
434 3403 552 3453 Euxinum
564 3405 600 3462 (tt
613 3405 668 3452 Mor
680 3418 737 3452 nero
746 3412 771 3469 ),
783 3407 852 3452 nobis
869 3408 1049 3470 coatnnttnopolt

124 3469 256 3532 appellata3
269 3471 354 3519 'lumin
364 3483 419 3518 vero
433 3471 562 3520 Scomboat.
802 3504 809 3521 ι
