2452 3938
203 255 263 318 138
591 271 739 324 rruonuon

200 371 367 440 uterentur,
398 363 594 445 postularunt.
616 362 680 425 Huc
708 363 862 426 Timoleon
878 362 986 427 missus
1000 363 1131 430 incredi-

201 457 253 521 bili
271 458 412 522 lelicitate
430 460 603 540 lliongsium
627 467 688 522 tola
709 458 810 522 Sicilia
835 461 961 542 depulit.
984 460 1058 525 Cum
1078 465 1130 525 in·

201 555 334 618 terlioare
350 564 461 637 posset,
479 556 586 633 noluit,
608 564 731 638 tutoque
749 563 782 619 ut
799 555 972 620 Corinthum
985 558 1137 639 parmai-⁴

122 661 245 725 ,garet
262 652 371 728 effecit,
398 651 477 733 quod
494 662 691 734 utrorumque
708 653 913 734 Dionysiorum
932 654 1040 736 opibus
1066 656 1129 721 Co·

200 748 304 810 rintltii
319 766 407 828 saepe
425 747 518 809 adiuti
536 750 656 812 luerent
673 750 733 830 (l).
754 748 844 813 Cuius
858 750 1049 829 benignitatis
1065 766 1130 815 me·

199 845 325 907 moriam
342 843 459 906 volebat
476 853 592 923 extare,
613 864 739 926 eamque
762 848 945 925 praeclaram
971 849 1127 911 uictoriam

199 941 345 1017 ducebat,
364 940 395 1001 in
413 959 473 1022 qua
497 943 563 1023 plus
586 951 665 1006 esset
685 934 861 1006 clementiae
882 963 969 1025 quam
992 946 1128 1009 erudeli-

199 1037 287 1115 tatis;
307 1046 456 1118 postremo
475 1050 584 1102 utnon
603 1041 699 1102 solum
717 1040 840 1102 auribus
858 1041 1057 1122 acciperetur,
1073 1044 1126 1106 sed

198 1134 288 1197 etiam
305 1135 399 1198 oeulis
413 1144 597 1213 cerneretur,
616 1154 719 1219 quem,
738 1146 768 1201 et
785 1156 821 1199 en
835 1147 947 1219 quanto
963 1156 1068 1218 regno,
1088 1141 1128 1204 ad

198 1249 287 1313 qaam
309 1231 478 1309 fortunent,
498 1233 673 1296 detrusisset
691 1233 750 1314 (2).
774 1232 844 1296 Post
861 1232 992 1315 lliongsii
1017 1235 1127 1300 daces·

196 1321 283 1404 sum,
309 1347 377 1391 cum
402 1328 506 1391 Hiceta
524 1330 571 1410 (3)
591 1329 739 1411 bellavit,
753 1331 805 1411 qui
833 1329 1003 1394 adversatus
1027 1334 1127 1397 luerat

196 1421 354 1505 Dionysi03
375 1443 464 1507 quem
491 1445 552 1486 non
581 1425 648 1488 odio
674 1427 836 1506 tyrannidis
860 1429 1036 1492 dissensisse
1062 1431 1123 1512 (d),

196 1520 249 1582 sed
260 1522 433 1601 cupiditate,
446 1521 557 1583 iudicio
567 1521 634 1598 luit,
647 1522 725 1602 quod
741 1523 822 1602 ipse,
836 1525 957 1605 expulso
970 1524 1123 1609 Iliouysio,

196 1616 356 1697 imperinm
381 1618 530 1680 dimittere
558 1619 664 1695 noluit,
690 1619 752 1683 Hoc
774 1632 937 1701 superato,
967 1621 1124 1690 Timoleon

196 1715 340 1776 maximas
355 1715 456 1794 copias
473 1713 759 1792 Carthaginiensium
776 1718 855 1798 apud
872 1717 1053 1782 Grimessum
1069 1723 1125 1786 llu-

116 1839 138 1872 a.
149 1822 264 1873 mamea
284 1811 395 1889 fugavit
411 1812 471 1893 (5),
492 1830 527 1874 ao
548 1812 620 1874 satis
635 1813 747 1876 habere
765 1816 872 1893 coegit,
889 1815 915 1876 si
931 1815 1037 1880 liceret
1049 1817 1126 1880 ttri-

196 1926 261 1970 oam
280 1909 415 1971 obtinere
429 1910 490 1990 (6),
509 1908 560 1991 qui
576 1910 635 1971 iam
649 1912 821 1992 complures
844 1930 938 1974 anuos
959 1917 1123 1994 possessio·

195 2025 263 2068 nem
276 2003 394 2069 Siciliae
409 2006 559 2068 tenebant.
573 2005 658 2089 Cepit
675 2009 764 2070 etiam
779 2005 970 2086 Mamercum,
987 2010 1121 2076 italicum

195 2103 315 2182 ducem,
332 2104 482 2166 hominem
502 2102 676 2167 bellicosum
692 2112 722 2167 et
734 2113 897 2186 potentem,
917 2106 969 2187 qui
981 2113 1123 2188 tyrannos

195 2200 331 2262 adiutum
348 2201 380 2262 iu
398 2198 529 2264 Siciliam
549 2209 683 2264 venerat.

237 2298 287 2360 lll.
312 2296 425 2368 Quibus
443 2296 532 2362 rebus
551 2297 706 2374 conlectis,
730 2317 810 2376 cum,
830 2308 950 2382 propter
967 2300 1120 2364 diuturni-

196 2403 287 2455 tatem
307 2393 389 2469 helli,
410 2411 468 2453 non
489 2392 584 2452 solum
604 2394 752 2472 regiones,
771 2394 821 2457 sed
848 2395 937 2457 etiam
955 2394 1046 2458 urbes
1064 2398 1120 2460 de·

225 2599 256 2657 (tt
278 2601 402 2659 Dionysius
422 2604 513 2660 autem,
526 2612 561 2647 en
576 2613 605 2647 eo
620 2601 709 2659 lastlglo
729 2599 875 2660 deturbatus,
892 2600 923 2647 ad
945 2611 1031 2660 pueros
1046 2604 1121 2662 prima

194 2667 324 2714 litterarum
350 2667 386 2714 vel
406 2671 505 2715 musices
520 2668 652 2716 rudimenta
676 2668 797 2714 docendos
818 2681 867 2715 non
892 2669 1009 2717 dubltcvlt
1023 2682 1049 2718 sc
1064 2680 1121 2719 teu·

195 2736 264 2784 lema.

225 2804 255 2858 (2)
272 2803 311 2849 Vel
334 2800 380 2848 hoe
400 2803 442 2849 uel
457 2802 516 2848 illud
531 2801 611 2849 credas
634 2804 696 2862 ltcet,
711 2804 782 2860 prout
807 2805 885 2862 magnl
899 2804 936 2849 vel
949 2804 1030 2862 puallll
1045 2805 1120 2851 anlml

195 2875 264 2934 putes
273 2871 420 2918 Timoleonta
433 2869 512 2916 luisse.
527 2870 578 2916 Non
596 2872 730 2929 utrumque.
746 2871 802 2917 Nam
816 2873 879 2917 certe
891 2870 985 2929 quidem
1000 2871 1053 2917 uert
1068 2881 1118 2917 uon

195 2942 279 3000 potest,
300 2939 325 2984 ul
342 2938 378 2983 tlr
391 2948 527 2997 generosus,
554 2939 647 2994 qualem
673 2950 698 2984 se
720 2937 823 2995 denique
837 2936 940 2984 ostendit
954 2938 1079 2986 Tlmoleou
1094 2943 1119 2987 at

194 3019 293 3067 paream
307 3005 426 3064 Dionysio,
440 3006 464 3050 et
478 3006 633 3063 incruentam,
649 3007 765 3063 quantum
781 3005 876 3062 quidem
891 3007 982 3065 poterat
997 3008 1117 3056 victoriam

195 3074 315 3133 adactam,
328 3073 390 3119 idern
403 3072 519 3119 devictum
541 3072 640 3131 hostem,
654 3084 711 3119 suae
727 3073 799 3118 vetuli
814 3073 928 3119 victoriae
942 3074 1062 3134 monacum
1076 3078 1120 3124 co·

180 3141 300 3188 motuum
314 3152 357 3199 per
367 3141 546 3187 ostentationem
562 3141 654 3186 mittere
669 3140 749 3186 vellet.

224 3207 257 3264 (ὅ)
272 3207 392 3254 praetacto
408 3208 460 3254 urbi
475 3209 652 3267 Leontinorum,
675 3210 717 3266 qul
741 3208 880 3267 alllouyslo
897 3207 1025 3257 decaluerat
1035 3208 1066 3256 ad
1080 3211 1132 3258 Ti·.

194 3274 344 3320 mulcentem.
664 3285 668 3290 ’

226 3340 258 3400 (Α)
273 3341 359 3400 Nempe
374 3341 518 3402 antonysto.

225 3408 259 3467 (5)
273 3408 348 3466 Prope
363 3408 445 3454 urbem
459 3409 647 3466 Segestanorum.

223 3477 258 3535 (6)
270 3475 331 3522 ldert
344 3474 433 3524 Alrtcae
448 3477 526 3524 adhue
536 3478 651 3533 luioererc
665 3490 715 3537 eos,
729 3479 770 3536 qul
781 3479 828 3526 ete.
