2452 3938
121 1097 193 1140 1139

202 251 243 315 10
585 269 740 317 umrmuus

202 365 338 449 porticu,
359 383 435 445 quae
461 364 577 428 Poecile
597 365 644 446 (1)
663 372 795 442 vocatur,
815 383 881 426 cum
899 383 998 446 pugna
1016 364 1123 446 depin-

200 473 319 543 geretur
337 461 542 538 marathonia,
571 462 652 523 utin
677 461 780 523 decem
806 470 976 544 praetorum
999 481 1124 526 numero

202 561 298 643 prima
322 560 387 620 eius
418 558 514 637 imago
543 567 720 640 poneretur,
745 558 832 639 isque
854 557 1023 621 hortaretur
1041 562 1123 624 mili-

203 669 259 734 tes,
278 655 484 738 proeliumque
501 656 713 717 committeret.
730 654 810 717 Idem
824 655 875 716 ille
886 657 1027 735 populus,
1038 667 1123 739 post-

201 771 326 835 eaquam
352 751 449 814 maius
466 752 625 833 imperium
646 760 691 815 est
709 761 824 829 nactus,
845 759 874 813 et
885 752 1042 830 largitione
1057 774 1123 817 ma-

200 852 376 930 gistratuum
406 858 562 929 corruptus
580 850 642 924 es't,
663 858 809 911 trecentas
833 857 946 910 statuas
972 848 1122 915 Demetrio

201 946 342 1008 Phalereo
362 944 409 1025 (1)
429 945 559 1007 decrerit
578 946 637 1026 (3).

240 1041 303 1106 1111.
321 1041 392 1104 Post
402 1042 458 1105 hoc
475 1042 644 1123 proelium,
657 1042 780 1104 classem
797 1041 983 1124 septuaginta
1001 1045 1119 1107 narium

199 1139 394 1202 Athenienses
416 1138 513 1202 eidem
531 1139 653 1202 Miltiadi
672 1140 829 1216 dederunt,
848 1148 881 1201 ut
898 1140 1023 1219 insulas,
1043 1161 1121 1250 quae

198 1237 341 1300 barbaros
362 1236 549 1315 adimerent,
569 1237 647 1300 bello
661 1244 900 1318 persequeretur3
920 1237 1119 1319 quoimperio

197 1335 354 1416 plerasque
368 1333 404 1395 ad
420 1334 548 1396 officium
563 1334 661 1395 redire
678 1335 785 1411 eo'e'git,
808 1335 966 1395 nonnullas
984 1335 1012 1395 ui
1028 1355 1119 1419 expu-
1137 1356 1145 1373 ⁴

196 1433 306 1511 goarii:
326 1451 362 1492 ex
376 1431 422 1492 his
436 1430 543 1493 Parum
564 1432 611 1511 (1)
627 1431 767 1508 insulam,
785 1431 890 1512 opibus
909 1433 1029 1510 elatam,
1050 1453 1117 1496 cum

196 1530 330 1591 eratione
348 1528 395 1608 (5)
412 1529 606 1590 reconciliare
625 1549 684 1590 non
702 1536 814 1609 posset,
834 1529 934 1610 copias
956 1548 973 1591 e
993 1530 1118 1594 naribus

195 1625 317 1701 eduxit,
346 1625 451 1686 urbem
470 1625 610 1707 operibus
633 1626 759 1704 clausit,
789 1625 930 1707 omnique
948 1639 1117 1691 commeatu

193 1722 334 1802 privarit,
362 1721 490 1800 deinde,
510 1722 604 1784 vineis
623 1742 657 1812 ac
680 1723 878 1785 testudinibus
897 1723 944 1804 (6)
969 1726 1115 1789 constitu·

194 1819 242 1895 tis,
261 1818 382 1899 propius
401 1837 502 1881 muros
517 1822 652 1882 accessit.
679 1819 752 1884 Cum
779 1821 889 1882 iamin
912 1819 1057 1899 coesset,
1081 1831 1114 1885 ut

191 2008 227 2053 vel
247 2007 339 2052 divinos
352 2004 459 2051 conterre
484 2006 574 2052 mortali
589 2006 682 2053 homini
696 2007 813 2067 honores,
830 2010 862 2054 nil
878 2009 940 2055 intus
955 2009 1028 2070 vetat,
1040 2022 1113 2068 quum

191 2075 274 2120 contra
288 2073 387 2118 huiusce
403 2076 437 2118 rei
453 2073 618 2131 turpitudinem
634 2076 668 2119 nil
683 2076 720 2122 sui
735 2077 921 2135 magnanimum,
936 2077 969 2120 111
991 2089 1110 2137 severum,

192 2143 226 2188 nll
242 2142 342 2187 liberum
354 2140 456 2197 denique
468 2143 562 2199 pugnet

222 2207 285 2266 (tlh
306 2219 388 2264 graeca
408 2220 464 2254 voco
481 2211 569 2264 ποικίλη
584 2209 643 2255 idest
657 2212 733 2255 corita
751 2211 867 2256 coloritus
885 2213 966 2268 picto:
989 2210 1111 2269 Polygnoti

191 2277 375 2334 pulcherrimum
390 2288 456 2333 opus.

221 2343 251 2400 (2)
268 2345 342 2400 Quum
358 2343 397 2388 hic
416 2342 495 2399 rhetor
514 2355 528 2388 a
542 2344 679 2402 cassandro,
695 2344 842 2390 Macedoniae
857 2356 918 2401 rege,
934 2343 1029 2390 Athenis
1043 2357 1111 2403 prae·

150 2436 152 2438 -
189 2411 264 2458 tectus
276 2413 318 2456 est.
333 2411 432 2470 Verum,
449 2421 538 2471 quum,
558 2412 639 2458 decem
661 2415 713 2470 post
727 2412 795 2457 annis
810 2413 937 2458 Demetrius
953 2413 1106 2472 Poliorcetes,

190 2485 297 2540 Antigoni
310 2483 382 2540 tilius,
396 2495 480 2530 caussa
494 2483 647 2530 obducendae
662 2485 722 2529 itlius
736 2483 799 2530 urbis
814 2496 829 2528 a
847 2486 957 2530 societate
972 2485 1109 2544 Cassandri,

188 2551 287 2597 Athenas
303 2550 327 2594 in
341 2549 472 2596 libertatem
485 2551 621 2612 vindicavit,
636 2553 718 2610 pulsus
733 2552 768 2596 est
784 2551 912 2598 Demetrius
928 2550 1065 2608 Phalereus3
1087 2553 1111 2598 et

188 2619 252 2664 illius
267 2619 357 2663 statuae
372 2617 515 2664 deturbatae.

216 2686 247 2746 (5)
265 2683 339 2730 Probe
351 2696 399 2730 rem
415 2696 509 2729 ornnem
525 2686 642 2744 tenemueg
659 2684 704 2730 hoc
715 2685 757 2741 est,
772 2685 838 2741 quast
853 2683 929 2742 dicas,
945 2684 1051 2729 Corneli:
1065 2684 1110 2730 lto·

186 2765 224 2797 ma
239 2763 315 2813 pauca
326 2752 402 2797 terrae
417 2752 497 2808 iugero
511 2751 606 2797 llorntio
616 2752 705 2811 Coctili,
713 2754 816 2798 servatue
828 2751 1043 2809 reipublicaeergo,
1053 2763 1108 2796 con·

185 2822 267 2880 cessit,
282 2820 299 2866 l.
310 2822 400 2865 Caesari
415 2820 439 2866 ot
449 2821 552 2877 Augusto
567 2821 654 2878 templa
668 2822 693 2865 et
707 2820 798 2864 divinos
813 2818 920 2863 honores.

216 2887 247 2946 (1)
263 2886 378 2942 insignem
393 2887 453 2932 inter
465 2886 575 2942 cycladas
589 2888 684 2946 propter
699 2885 879 2945 pulcherrimum
892 2886 1012 2930 marmoris
1026 2896 1106 2944 genus,

185 2957 255 3000 cuius
270 2955 358 3001 mentio
372 2951 482 3011 frequens
495 2954 560 3012 apud
574 2955 653 3013 politas
668 2955 779 2999 occurrit.

214 3023 246 3078 (ὃ)
261 3022 321 3068 ital:
340 3022 401 3067 Cotto
410 3021 523 3079 protiche.

215 3089 244 3146 (6)
263 3090 331 3135 Vinea
346 3091 526 3136 instrumentum
541 3089 649 3137 bellicum
663 3087 708 3136 luit
717 3088 790 3134 torma
804 3086 967 3145 quadrilatera,
979 3085 1106 3132 vimineum

184 3157 269 3204 tabulis
283 3160 307 3204 11
322 3158 444 3217 superiore
460 3161 525 3218 parte
548 3161 695 3217 contectum,
710 3170 759 3216 quo
784 3159 828 3202 tuti
849 3154 932 3200 milites
946 3153 1106 3209 expugnandis

132 3269 134 3274 ,
183 3230 256 3271 muris
276 3227 435 3274 succederent.
451 3226 583 3272 testudinis
590 3227 677 3286 duplex
688 3238 763 3284 genus
777 3225 830 3284 tuit,
843 3224 872 3269 ed
881 3221 1019 3279 nocendum,
1031 3222 1106 3267 velud

182 3291 355 3340 defendendum
371 3297 537 3354 comparatum.
554 3296 593 3341 liet
608 3297 668 3340 enim
684 3296 823 3341 testudinem
836 3293 889 3338 lieri
902 3289 1019 3348 dicebaut,
1032 3301 1106 3346 quum

182 3365 282 3422 milites,
306 3365 391 3408 iunctis
406 3365 431 3408 in
446 3365 521 3423 capite
536 3364 617 3420 scutis,
635 3374 714 3408 muros
728 3363 879 3420 scandereut3
898 3360 935 3405 vel
951 3358 1041 3404 testudo
1056 3359 1106 3402 erat

181 3442 251 3489 capsa
261 3443 315 3477 cum
331 3432 396 3478 trabe
412 3434 476 3479 acuti
491 3434 580 3491 capitis,
596 3443 668 3492 quse,
683 3428 778 3478 tunitius
793 3430 883 3476 alterna
896 3429 947 3474 vice
963 3426 1059 3472 reducta
1070 3424 1123 3470 la·.

180 3502 289 3562 uotaque,
302 3511 380 3546 muros
395 3499 504 3547 tunderet
519 3500 654 3558 aditumque
669 3501 776 3560 aperiret.
