2452 3938
633 318 689 389 Ill.

499 541 830 658 turstinus.

245 832 269 896 Ι.
289 833 446 912 Aristides,
465 834 631 916 Lysimachi
660 837 750 915 tilius,
777 837 972 914 atheniensis,
993 829 1126 920 aequalis

204 930 266 994 iere
281 931 336 994 luit
350 930 551 995 Themistocli.
569 931 673 1015 ltaque
685 953 751 1002 cum
767 955 803 998 eo
823 935 860 997 de
876 934 1045 1016 principato
1057 941 1126 997 cou-

126 1029 309 1092 nrotendit.
327 1027 461 1110 Namque
476 1029 679 1095 obtrectarunt
691 1031 770 1094 iuter
787 1051 830 1095 sc.
849 1030 882 1094 ln
896 1030 1055 1095 bisantem
1073 1050 1125 1095 co·
1184 1095 1191 1109 ‚

204 1125 318 1204 gnitum
329 1135 373 1188 est
384 1135 493 1208 quanto
509 1128 662 1192 antistaret
677 1129 847 1211 eloquentia
858 1128 1048 1191 innocentiae
1062 1128 1122 1209 (l).

204 1219 389 1304 Quamquam
409 1224 487 1286 enim
508 1224 581 1288 adeo
597 1226 759 1288 excellebat
773 1226 914 1288 Aristides
932 1225 1123 1301 abstinentia,

204 1328 238 1382 ut
255 1339 333 1383 unus
353 1329 419 1402 post
437 1321 591 1383 hominum
612 1324 803 1400 memoriam,
827 1323 905 1404 quod
929 1321 1051 1404 quidem
1071 1339 1125 1385 nos

207 1416 418 1495 audiverimus,
438 1417 613 1497 cognomine
626 1418 725 1481 Iustus
739 1420 777 1482 sit
791 1420 968 1501 appellatus;
985 1428 1126 1496 tamen,a

207 1513 403 1577 Themistocle
415 1514 637 1593 collabefactus,
658 1517 765 1585 testula
776 1518 826 1578 illa
838 1517 897 1599 (d),
917 1515 1004 1579 exilio
1022 1516 1124 1578 decem

207 1629 353 1674 annorum
372 1611 530 1696 mulctatus
548 1620 604 1675 est.
627 1610 683 1684 Qui
701 1613 821 1695 quidem
849 1631 915 1676 cum
936 1610 1122 1690 intelligeret.

206 1707 328 1790 reprimi
345 1708 520 1771 concitatam
533 1709 753 1773 multitudinem
771 1730 831 1772 nou
844 1728 942 1792 posse,
959 1709 1126 1791 cedensque

205 1804 450 1893 animadverteret
466 1806 832 1887 quemdamtscribentem,
845 1816 878 1868 ut
890 1805 984 1888 patria
997 1805 1125 1887 pellere-

208 1914 265 1980 tur,
284 1904 435 1984 quaesisse
449 1903 485 1965 ab
501 1922 537 1965 eo
555 1903 675 1979 dicitur,
691 1921 783 1984 quare
800 1903 832 1965 id
849 1903 970 1977 laceret,
986 1912 1038 1964 aut
1055 1900 1125 1984 quid

205 2000 348 2063 Aristides
370 2000 577 2076 commisisset,
597 2019 650 2062 cur
669 2008 748 2062 tanta
767 2018 863 2081 poena
882 1999 986 2077 dignus
1005 1999 1126 2060 ducere·

206 2107 265 2161 tur.
284 2097 336 2161 Cui
354 2098 403 2160 ille
420 2097 589 2178 respondit:
605 2114 634 2159 re
654 2097 794 2179 iquorore
809 2096 972 2160 Aristidem
979 2119 993 2168 ;
1009 2097 1060 2159 red
1071 2096 1127 2158 sebi

206 2215 267 2260 non
292 2197 418 2276 plaeere,
448 2195 525 2275 qnod
543 2203 604 2258 tarn
627 2197 731 2276 capide
757 2196 941 2270 elaborasset,
961 2201 994 2257 ot
1007 2200 1128 2272 praeter

206 2302 332 2357 coeteros
348 2294 445 2355 lectar
461 2292 670 2372 appellaretur.
689 2292 743 2354 Hic
763 2293 864 2355 decem
888 2309 1035 2353 annorum
1051 2289 1127 2370 legi-

207 2391 309 2452 timam
328 2407 452 2470 poenam
471 2407 530 2451 uon
549 2388 685 2471 pertulit:
706 2407 775 2450 nam
793 2398 948 2470 postquam
968 2387 1078 2449 Xerxes
1098 2389 1126 2448 in

207 2485 360 2549 Graeciam
379 2486 542 2563 descendit,
559 2493 640 2549 serto
658 2485 722 2548 tere
735 2505 812 2562 anno
827 2497 982 2566 postquam
997 2491 1061 2545 erat
1075 2504 1124 2544 ex-

208 2582 322 2664 pulsus,
343 2582 519 2664 populiscitu
537 2583 569 2644 iu
587 2582 714 2665 patriam
734 2582 888 2645 restitutus
906 2591 961 2644 est.
990 2579 1126 2641 interluit

207 2766 292 2827 pingit,
307 2767 374 2814 euius
388 2767 496 2813 virtutem
511 2767 535 2815 et
548 2769 671 2814 caesarum
687 2765 818 2813 adsentator
839 2766 877 2812 ille
899 2764 1003 2811 Valerius
1017 2762 1130 2810 Maximus

208 2845 311 2881 asserere
332 2845 377 2880 uon
400 2833 515 2879 dubitarit
530 2834 569 2890 (V.
580 2835 603 2894 6,
618 2835 665 2881 ext.
679 2834 714 2892 tlt,
735 2834 815 2880 mortis
829 2834 879 2878 eius
899 2841 1004 2877 caumana
1019 2829 1128 2884 atterens,

207 2915 263 2964 noo,
278 2903 351 2963 quod,
363 2914 424 2959 quaa
434 2903 483 2960 reql
495 2902 612 2969 ppllicltus
621 2904 689 2962 esset,
697 2904 846 2962 praeclarare
854 2912 922 2961 posse
932 2897 1072 2957 desperaret,
1087 2895 1129 2942 sed

194 2956 245 3030 ‘ne,
261 2971 367 3027 quamvls
380 2970 493 3027 ingratam
508 2968 668 3029 infestamque,
678 2970 779 3030 petriam
792 2967 945 3030 oppugnaret.
954 2965 1002 3011 doc
1014 2963 1129 3009 monitum

207 3039 317 3097 oportuit,
333 3050 362 3083 ne
377 3039 511 3084 cornelium
526 3037 687 3097 imprudenter
700 3037 785 3098 secutl,
799 3034 902 3083 adebita
914 3034 950 3078 vel
961 3030 1029 3077 laude
1043 3031 1081 3078 rel
1093 3031 1130 3075 in·

206 3106 276 3154 lamia
289 3112 313 3155 tn
326 3121 467 3168 quemquam
484 3111 648 3169 temperemus.

238 3179 269 3234 (l)
281 3179 347 3224 iltace
359 3179 439 3238 dictis,
454 3179 573 3224 corbellus
587 3179 743 3236 eloquentiam
754 3176 803 3224 letu
817 3174 951 3234 purissimo
965 3171 1031 3231 petlt.
1056 3171 1131 3227 Quem

208 3244 286 3290 tamen
301 3246 443 3291 acerbiorem
458 3247 551 3291 minime
573 3245 649 3305 dicas,
664 3246 809 3306 spectantem
824 3241 891 3287 adid
906 3241 1008 3287 maxime
1022 3240 1128 3296 tempus,

207 3325 255 3370 quo
270 3314 363 3360 Graecia
386 3315 431 3359 lam
454 3313 609 3373 sophistarum
632 3314 696 3360 luem
715 3313 780 3359 illam
799 3320 899 3355 ammoto
915 3306 1027 3355 educaret
1047 3304 1131 3350 lntimo

206 3381 267 3427 sinu.

120 3438 126 3448 ’
237 3446 268 3510 (2)
279 3446 340 3494 idest
356 3447 505 3516 δστρακισμῶ.
