<?xml version="1.0" encoding="UTF-8"?>
<!DOCTYPE html PUBLIC "-//W3C//DTD XHTML 1.0 Transitional//EN"
    "http://www.w3.org/TR/xhtml1/DTD/xhtml1-transitional.dtd">
<html xmlns="http://www.w3.org/1999/xhtml" xml:lang="en" lang="en">
 <head>
  <title>
</title>
<meta http-equiv="Content-Type" content="text/html;charset=utf-8" />
  <meta name='ocr-system' content='tesseract 3.04.00' />
  <meta name='ocr-capabilities' content='ocr_page ocr_carea ocr_par ocr_line ocrx_word'/>
</head>
<body>
  <div class='ocr_page' id='page_1' title='image "./corneliinepotis18nepogoog_0124.png"; bbox 0 0 2452 3938; ppageno 0'>
   <div class='ocr_carea' id='block_1_1' title="bbox 507 222 1047 290">
    <p class='ocr_par' dir='ltr' id='par_1_1' title="bbox 507 222 1047 290">
     <span class='ocr_line' id='line_1_1' title="bbox 507 222 1047 290; baseline -0.006 -1"><span class='ocrx_word' id='word_1_1' title='bbox 507 240 667 290; x_wconf 75' lang='lat' dir='ltr'><strong>sensimus</strong></span> <span class='ocrx_word' id='word_1_2' title='bbox 985 222 1047 287; x_wconf 83' lang='lat' dir='ltr'><strong>lle</strong></span> 
     </span>
    </p>
   </div>
   <div class='ocr_carea' id='block_1_2' title="bbox 120 335 1203 2460">
    <p class='ocr_par' dir='ltr' id='par_1_2' title="bbox 120 335 1049 610">
     <span class='ocr_line' id='line_1_2' title="bbox 120 335 1048 419; baseline -0.013 -13"><span class='ocrx_word' id='word_1_3' title='bbox 120 335 314 406; x_wconf 80' lang='lat' dir='ltr'><strong>temnebaut:</strong></span> <span class='ocrx_word' id='word_1_4' title='bbox 337 335 391 419; x_wconf 83' lang='lat' dir='ltr'><strong>qui</strong></span> <span class='ocrx_word' id='word_1_5' title='bbox 413 343 513 399; x_wconf 90' lang='lat' dir='ltr'><strong>autem</strong></span> <span class='ocrx_word' id='word_1_6' title='bbox 532 336 671 398; x_wconf 83' lang='lat' dir='ltr'><strong>virtutem</strong></span> <span class='ocrx_word' id='word_1_7' title='bbox 694 341 857 410; x_wconf 80' lang='lat' dir='ltr'><strong>noverant,</strong></span> <span class='ocrx_word' id='word_1_8' title='bbox 881 350 942 396; x_wconf 88' lang='lat' dir='ltr'><strong>uun</strong></span> <span class='ocrx_word' id='word_1_9' title='bbox 961 341 1048 414; x_wconf 91' lang='lat' dir='ltr'><strong>pote-</strong></span> 
     </span>
     <span class='ocr_line' id='line_1_3' title="bbox 121 430 1049 510; baseline -0.012 -8"><span class='ocrx_word' id='word_1_10' title='bbox 121 445 192 502; x_wconf 85' lang='lat' dir='ltr'><strong>raut</strong></span> <span class='ocrx_word' id='word_1_11' title='bbox 212 434 356 499; x_wconf 87' lang='lat' dir='ltr'><strong>admirari</strong></span> <span class='ocrx_word' id='word_1_12' title='bbox 377 434 462 497; x_wconf 85' lang='lat' dir='ltr'><strong>satis.</strong></span> <span class='ocrx_word' id='word_1_13' title='bbox 486 430 571 504; x_wconf 85' lang='lat' dir='ltr'><strong>Quod</strong></span> <span class='ocrx_word' id='word_1_14' title='bbox 589 431 622 496; x_wconf 93' lang='lat' dir='ltr'><strong>ei·</strong></span> <span class='ocrx_word' id='word_1_15' title='bbox 644 449 701 494; x_wconf 86' lang='lat' dir='ltr'><strong>usu</strong></span> <span class='ocrx_word' id='word_1_16' title='bbox 723 430 823 510; x_wconf 84' lang='lat' dir='ltr'><strong>venit,</strong></span> <span class='ocrx_word' id='word_1_17' title='bbox 845 441 927 508; x_wconf 89' lang='lat' dir='ltr'><strong>cum,</strong></span> <span class='ocrx_word' id='word_1_18' title='bbox 951 446 1049 492; x_wconf 88' lang='lat' dir='ltr'><strong>anuu-</strong></span> 
     </span>
     <span class='ocr_line' id='line_1_4' title="bbox 123 525 1047 610; baseline -0.013 -11"><span class='ocrx_word' id='word_1_19' title='bbox 123 551 191 600; x_wconf 87' lang='lat' dir='ltr'><strong>rum</strong></span> <span class='ocrx_word' id='word_1_20' title='bbox 209 530 378 610; x_wconf 82' lang='lat' dir='ltr'><strong>octoginta,</strong></span> <span class='ocrx_word' id='word_1_21' title='bbox 401 528 536 595; x_wconf 88' lang='lat' dir='ltr'><strong>subsidio</strong></span> <span class='ocrx_word' id='word_1_22' title='bbox 554 528 654 591; x_wconf 85' lang='lat' dir='ltr'><strong>Thaca</strong></span> <span class='ocrx_word' id='word_1_23' title='bbox 676 527 709 590; x_wconf 89' lang='lat' dir='ltr'><strong>iu</strong></span> <span class='ocrx_word' id='word_1_24' title='bbox 736 527 900 608; x_wconf 70' lang='lat' dir='ltr'><strong>Aegyptum</strong></span> <span class='ocrx_word' id='word_1_25' title='bbox 925 525 1047 603; x_wconf 86' lang='lat' dir='ltr'><strong>ivisset,</strong></span> 
     </span>
    </p>

    <p class='ocr_par' dir='ltr' id='par_1_3' title="bbox 122 624 1129 808">
     <span class='ocr_line' id='line_1_5' title="bbox 122 624 1129 710; baseline -0.011 -14"><span class='ocrx_word' id='word_1_26' title='bbox 122 639 155 696; x_wconf 89' lang='lat' dir='ltr'><strong>et</strong></span> <span class='ocrx_word' id='word_1_27' title='bbox 175 630 208 693; x_wconf 92' lang='lat' dir='ltr'><strong>iu</strong></span> <span class='ocrx_word' id='word_1_28' title='bbox 225 637 291 692; x_wconf 87' lang='lat' dir='ltr'><strong>acta</strong></span> <span class='ocrx_word' id='word_1_29' title='bbox 304 628 352 710; x_wconf 83' lang='lat' dir='ltr'><strong>(l)</strong></span> <span class='ocrx_word' id='word_1_30' title='bbox 376 645 445 689; x_wconf 92' lang='lat' dir='ltr'><strong>cum</strong></span> <span class='ocrx_word' id='word_1_31' title='bbox 467 625 530 689; x_wconf 89' lang='lat' dir='ltr'><strong>suis</strong></span> <span class='ocrx_word' id='word_1_32' title='bbox 548 624 739 688; x_wconf 89' lang='lat' dir='ltr'><strong>accubuisset</strong></span> <span class='ocrx_word' id='word_1_33' title='bbox 765 624 831 687; x_wconf 87' lang='lat' dir='ltr'><strong>sine</strong></span> <span class='ocrx_word' id='word_1_34' title='bbox 859 624 921 687; x_wconf 88' lang='lat' dir='ltr'><strong>ullu</strong></span> <span class='ocrx_word' id='word_1_35' title='bbox 946 629 1129 698; x_wconf 41' lang='lat' dir='ltr'><strong>tecuam</strong></span> 
     </span>
     <span class='ocr_line' id='line_1_6' title="bbox 123 722 1050 808; baseline -0.011 -17"><span class='ocrx_word' id='word_1_36' title='bbox 123 735 312 808; x_wconf 89' lang='lat' dir='ltr'><strong>stratumque</strong></span> <span class='ocrx_word' id='word_1_37' title='bbox 335 724 458 787; x_wconf 88' lang='lat' dir='ltr'><strong>haberet</strong></span> <span class='ocrx_word' id='word_1_38' title='bbox 474 722 546 801; x_wconf 84' lang='lat' dir='ltr'><strong>tale,</strong></span> <span class='ocrx_word' id='word_1_39' title='bbox 565 730 600 784; x_wconf 91' lang='lat' dir='ltr'><strong>ut</strong></span> <span class='ocrx_word' id='word_1_40' title='bbox 619 730 699 785; x_wconf 86' lang='lat' dir='ltr'><strong>terra</strong></span> <span class='ocrx_word' id='word_1_41' title='bbox 718 729 796 784; x_wconf 88' lang='lat' dir='ltr'><strong>tecta</strong></span> <span class='ocrx_word' id='word_1_42' title='bbox 811 729 890 784; x_wconf 91' lang='lat' dir='ltr'><strong>esset</strong></span> <span class='ocrx_word' id='word_1_43' title='bbox 904 728 1050 783; x_wconf 86' lang='lat' dir='ltr'><strong>stramen-</strong></span> 
     </span>
    </p>

    <p class='ocr_par' dir='ltr' id='par_1_4' title="bbox 122 817 1203 2460">
     <span class='ocr_line' id='line_1_7' title="bbox 126 817 1051 904; baseline -0.009 -17"><span class='ocrx_word' id='word_1_44' title='bbox 126 824 183 902; x_wconf 90' lang='lat' dir='ltr'><strong>tis,</strong></span> <span class='ocrx_word' id='word_1_45' title='bbox 202 841 301 904; x_wconf 89' lang='lat' dir='ltr'><strong>neque</strong></span> <span class='ocrx_word' id='word_1_46' title='bbox 319 821 377 884; x_wconf 88' lang='lat' dir='ltr'><strong>huc</strong></span> <span class='ocrx_word' id='word_1_47' title='bbox 395 819 524 901; x_wconf 87' lang='lat' dir='ltr'><strong>amplius</strong></span> <span class='ocrx_word' id='word_1_48' title='bbox 541 837 631 900; x_wconf 88' lang='lat' dir='ltr'><strong>quam</strong></span> <span class='ocrx_word' id='word_1_49' title='bbox 646 818 732 901; x_wconf 91' lang='lat' dir='ltr'><strong>pellis</strong></span> <span class='ocrx_word' id='word_1_50' title='bbox 754 826 833 882; x_wconf 88' lang='lat' dir='ltr'><strong>esset</strong></span> <span class='ocrx_word' id='word_1_51' title='bbox 853 817 984 894; x_wconf 83' lang='lat' dir='ltr'><strong>iniecta,</strong></span> <span class='ocrx_word' id='word_1_52' title='bbox 1000 835 1051 879; x_wconf 89' lang='lat' dir='ltr'><strong>eu·</strong></span> 
     </span>
     <span class='ocr_line' id='line_1_8' title="bbox 125 911 1051 1002; baseline -0.012 -18"><span class='ocrx_word' id='word_1_53' title='bbox 125 921 254 1002; x_wconf 87' lang='lat' dir='ltr'><strong>demque</strong></span> <span class='ocrx_word' id='word_1_54' title='bbox 283 918 407 981; x_wconf 83' lang='lat' dir='ltr'>comites</span> <span class='ocrx_word' id='word_1_55' title='bbox 428 935 532 980; x_wconf 88' lang='lat' dir='ltr'><strong>omncs</strong></span> <span class='ocrx_word' id='word_1_56' title='bbox 562 914 791 992; x_wconf 88' lang='lat' dir='ltr'><strong>accubuissent,</strong></span> <span class='ocrx_word' id='word_1_57' title='bbox 813 915 922 979; x_wconf 83' lang='lat' dir='ltr'><strong>uestitu</strong></span> <span class='ocrx_word' id='word_1_58' title='bbox 943 911 1051 976; x_wconf 91' lang='lat' dir='ltr'><strong>humili</strong></span> 
     </span>
     <span class='ocr_line' id='line_1_9' title="bbox 126 1009 1051 1098; baseline -0.012 -18"><span class='ocrx_word' id='word_1_59' title='bbox 126 1025 216 1098; x_wconf 89' lang='lat' dir='ltr'><strong>atque</strong></span> <span class='ocrx_word' id='word_1_60' title='bbox 239 1014 392 1090; x_wconf 88' lang='lat' dir='ltr'><strong>obsoleto,</strong></span> <span class='ocrx_word' id='word_1_61' title='bbox 408 1022 442 1076; x_wconf 92' lang='lat' dir='ltr'><strong>ut</strong></span> <span class='ocrx_word' id='word_1_62' title='bbox 463 1031 566 1076; x_wconf 91' lang='lat' dir='ltr'><strong>eurum</strong></span> <span class='ocrx_word' id='word_1_63' title='bbox 589 1021 713 1076; x_wconf 88' lang='lat' dir='ltr'><strong>ornatus</strong></span> <span class='ocrx_word' id='word_1_64' title='bbox 740 1030 802 1075; x_wconf 91' lang='lat' dir='ltr'><strong>nun</strong></span> <span class='ocrx_word' id='word_1_65' title='bbox 824 1011 913 1075; x_wconf 86' lang='lat' dir='ltr'><strong>modu</strong></span> <span class='ocrx_word' id='word_1_66' title='bbox 944 1010 976 1072; x_wconf 91' lang='lat' dir='ltr'><strong>in</strong></span> <span class='ocrx_word' id='word_1_67' title='bbox 1003 1009 1051 1071; x_wconf 91' lang='lat' dir='ltr'><strong>his</strong></span> 
     </span>
     <span class='ocr_line' id='line_1_10' title="bbox 125 1106 1052 1194; baseline -0.012 -16"><span class='ocrx_word' id='word_1_68' title='bbox 125 1131 225 1194; x_wconf 82' lang='lat' dir='ltr'><strong>regem</strong></span> <span class='ocrx_word' id='word_1_69' title='bbox 245 1112 397 1176; x_wconf 89' lang='lat' dir='ltr'><strong>neminem</strong></span> <span class='ocrx_word' id='word_1_70' title='bbox 418 1110 614 1190; x_wconf 79' lang='lat' dir='ltr'><strong>significaret,</strong></span> <span class='ocrx_word' id='word_1_71' title='bbox 633 1110 687 1174; x_wconf 87' lang='lat' dir='ltr'><strong>sed</strong></span> <span class='ocrx_word' id='word_1_72' title='bbox 709 1108 840 1172; x_wconf 88' lang='lat' dir='ltr'><strong>huminis</strong></span> <span class='ocrx_word' id='word_1_73' title='bbox 858 1126 919 1170; x_wconf 89' lang='lat' dir='ltr'><strong>nun</strong></span> <span class='ocrx_word' id='word_1_74' title='bbox 941 1106 1052 1170; x_wconf 89' lang='lat' dir='ltr'><strong>beatis-</strong></span> 
     </span>
     <span class='ocr_line' id='line_1_11' title="bbox 126 1204 1052 1291; baseline -0.008 -18"><span class='ocrx_word' id='word_1_75' title='bbox 126 1209 196 1274; x_wconf 88' lang='lat' dir='ltr'><strong>simi</strong></span> <span class='ocrx_word' id='word_1_76' title='bbox 214 1209 413 1291; x_wconf 86' lang='lat' dir='ltr'><strong>suspicionem</strong></span> <span class='ocrx_word' id='word_1_77' title='bbox 437 1207 606 1289; x_wconf 87' lang='lat' dir='ltr'><strong>pracberet.</strong></span> <span class='ocrx_word' id='word_1_78' title='bbox 637 1206 733 1269; x_wconf 87' lang='lat' dir='ltr'><strong>Huius</strong></span> <span class='ocrx_word' id='word_1_79' title='bbox 756 1205 793 1268; x_wconf 92' lang='lat' dir='ltr'><strong>de</strong></span> <span class='ocrx_word' id='word_1_80' title='bbox 821 1205 950 1268; x_wconf 83' lang='lat' dir='ltr'><strong>adventu</strong></span> <span class='ocrx_word' id='word_1_81' title='bbox 972 1204 1052 1266; x_wconf 87' lang='lat' dir='ltr'><strong>lama</strong></span> 
     </span>
     <span class='ocr_line' id='line_1_12' title="bbox 127 1303 1051 1388; baseline -0.008 -18"><span class='ocrx_word' id='word_1_82' title='bbox 127 1325 195 1370; x_wconf 92' lang='lat' dir='ltr'><strong>cum</strong></span> <span class='ocrx_word' id='word_1_83' title='bbox 224 1306 262 1369; x_wconf 86' lang='lat' dir='ltr'><strong>ad</strong></span> <span class='ocrx_word' id='word_1_84' title='bbox 286 1304 443 1385; x_wconf 61' lang='lat' dir='ltr'><strong>regiusffl)</strong></span> <span class='ocrx_word' id='word_1_85' title='bbox 464 1313 542 1366; x_wconf 91' lang='lat' dir='ltr'><strong>esset</strong></span> <span class='ocrx_word' id='word_1_86' title='bbox 559 1304 691 1385; x_wconf 86' lang='lat' dir='ltr'><strong>perlata,</strong></span> <span class='ocrx_word' id='word_1_87' title='bbox 715 1303 852 1366; x_wconf 78' lang='lat' dir='ltr'><strong>celeriter</strong></span> <span class='ocrx_word' id='word_1_88' title='bbox 869 1319 994 1388; x_wconf 88' lang='lat' dir='ltr'><strong>munera</strong></span> <span class='ocrx_word' id='word_1_89' title='bbox 1016 1320 1051 1364; x_wconf 90' lang='lat' dir='ltr'><strong>eo</strong></span> 
     </span>
     <span class='ocr_line' id='line_1_13' title="bbox 122 1397 1053 1487; baseline -0.006 -21"><span class='ocrx_word' id='word_1_90' title='bbox 122 1403 274 1487; x_wconf 71' lang='lat' dir='ltr'><strong>⁴cuiusque</strong></span> <span class='ocrx_word' id='word_1_91' title='bbox 292 1401 410 1482; x_wconf 75' lang='lat' dir='ltr'><strong>generis</strong></span> <span class='ocrx_word' id='word_1_92' title='bbox 427 1410 498 1464; x_wconf 90' lang='lat' dir='ltr'><strong>sunt</strong></span> <span class='ocrx_word' id='word_1_93' title='bbox 514 1400 616 1463; x_wconf 88' lang='lat' dir='ltr'><strong>allata.</strong></span> <span class='ocrx_word' id='word_1_94' title='bbox 639 1399 691 1463; x_wconf 92' lang='lat' dir='ltr'><strong>His</strong></span> <span class='ocrx_word' id='word_1_95' title='bbox 714 1398 929 1483; x_wconf 76' lang='lat' dir='ltr'><strong>quaerentibus</strong></span> <span class='ocrx_word' id='word_1_96' title='bbox 945 1397 1053 1478; x_wconf 78' lang='lat' dir='ltr'><strong>Agesi-</strong></span> 
     </span>
     <span class='ocr_line' id='line_1_14' title="bbox 127 1495 1053 1578; baseline -0.004 -16"><span class='ocrx_word' id='word_1_97' title='bbox 127 1500 229 1577; x_wconf 85' lang='lat' dir='ltr'><strong>laum,</strong></span> <span class='ocrx_word' id='word_1_98' title='bbox 250 1498 298 1561; x_wconf 81' lang='lat' dir='ltr'><strong>rix</strong></span> <span class='ocrx_word' id='word_1_99' title='bbox 317 1498 392 1562; x_wconf 86' lang='lat' dir='ltr'><strong>fides</strong></span> <span class='ocrx_word' id='word_1_100' title='bbox 409 1498 488 1561; x_wconf 83' lang='lat' dir='ltr'><strong>lacta</strong></span> <span class='ocrx_word' id='word_1_101' title='bbox 510 1507 566 1576; x_wconf 90' lang='lat' dir='ltr'><strong>est,</strong></span> <span class='ocrx_word' id='word_1_102' title='bbox 585 1517 679 1561; x_wconf 89' lang='lat' dir='ltr'><strong>uuum</strong></span> <span class='ocrx_word' id='word_1_103' title='bbox 701 1516 769 1562; x_wconf 90' lang='lat' dir='ltr'><strong>esse</strong></span> <span class='ocrx_word' id='word_1_104' title='bbox 786 1516 821 1561; x_wconf 87' lang='lat' dir='ltr'><strong>er</strong></span> <span class='ocrx_word' id='word_1_105' title='bbox 839 1497 899 1575; x_wconf 89' lang='lat' dir='ltr'><strong>his,</strong></span> <span class='ocrx_word' id='word_1_106' title='bbox 918 1495 1053 1578; x_wconf 89' lang='lat' dir='ltr'><strong>quitum</strong></span> 
     </span>
     <span class='ocr_line' id='line_1_15' title="bbox 128 1594 1052 1679; baseline -0.006 -18"><span class='ocrx_word' id='word_1_107' title='bbox 128 1595 327 1661; x_wconf 84' lang='lat' dir='ltr'><strong>accubabant.</strong></span> <span class='ocrx_word' id='word_1_108' title='bbox 343 1594 479 1668; x_wconf 85' lang='lat' dir='ltr'><strong>Quicum</strong></span> <span class='ocrx_word' id='word_1_109' title='bbox 497 1596 575 1674; x_wconf 86' lang='lat' dir='ltr'><strong>regis</strong></span> <span class='ocrx_word' id='word_1_110' title='bbox 593 1595 767 1678; x_wconf 84' lang='lat' dir='ltr'><strong>verbis(3),</strong></span> <span class='ocrx_word' id='word_1_111' title='bbox 787 1604 864 1679; x_wconf 85' lang='lat' dir='ltr'><strong>quae</strong></span> <span class='ocrx_word' id='word_1_112' title='bbox 879 1595 1052 1672; x_wconf 74' lang='lat' dir='ltr'><strong>attuleram,</strong></span> 
     </span>
     <span class='ocr_line' id='line_1_16' title="bbox 128 1688 1054 1775; baseline -0.002 -17"><span class='ocrx_word' id='word_1_113' title='bbox 128 1688 299 1771; x_wconf 80' lang='lat' dir='ltr'><strong>dedissent,</strong></span> <span class='ocrx_word' id='word_1_114' title='bbox 321 1693 373 1762; x_wconf 89' lang='lat' dir='ltr'><strong>ille</strong></span> <span class='ocrx_word' id='word_1_115' title='bbox 397 1701 516 1775; x_wconf 88' lang='lat' dir='ltr'><strong>praeter</strong></span> <span class='ocrx_word' id='word_1_116' title='bbox 542 1693 666 1757; x_wconf 86' lang='lat' dir='ltr'><strong>uitulina</strong></span> <span class='ocrx_word' id='word_1_117' title='bbox 688 1701 718 1756; x_wconf 92' lang='lat' dir='ltr'><strong>et</strong></span> <span class='ocrx_word' id='word_1_118' title='bbox 741 1692 914 1759; x_wconf 85' lang='lat' dir='ltr'><strong>huiusmodi</strong></span> <span class='ocrx_word' id='word_1_119' title='bbox 944 1711 1054 1774; x_wconf 82' lang='lat' dir='ltr'><strong>genera</strong></span> 
     </span>
     <span class='ocr_line' id='line_1_17' title="bbox 128 1790 1055 1873; baseline -0.002 -18"><span class='ocrx_word' id='word_1_120' title='bbox 128 1790 265 1870; x_wconf 85' lang='lat' dir='ltr'><strong>obsonii,</strong></span> <span class='ocrx_word' id='word_1_121' title='bbox 289 1809 366 1872; x_wconf 86' lang='lat' dir='ltr'><strong>quae</strong></span> <span class='ocrx_word' id='word_1_122' title='bbox 387 1809 531 1873; x_wconf 87' lang='lat' dir='ltr'><strong>praesens</strong></span> <span class='ocrx_word' id='word_1_123' title='bbox 551 1799 668 1872; x_wconf 91' lang='lat' dir='ltr'><strong>tempus</strong></span> <span class='ocrx_word' id='word_1_124' title='bbox 691 1791 897 1868; x_wconf 78' lang='lat' dir='ltr'><strong>desiderabat,</strong></span> <span class='ocrx_word' id='word_1_125' title='bbox 917 1791 1055 1857; x_wconf 87' lang='lat' dir='ltr'><strong>nihilac·</strong></span> 
     </span>
     <span class='ocr_line' id='line_1_18' title="bbox 126 1888 1053 1975; baseline -0.002 -23"><span class='ocrx_word' id='word_1_126' title='bbox 126 1888 225 1972; x_wconf 90' lang='lat' dir='ltr'><strong>cepit;</strong></span> <span class='ocrx_word' id='word_1_127' title='bbox 244 1894 416 1968; x_wconf 78' lang='lat' dir='ltr'><strong>unguenta,</strong></span> <span class='ocrx_word' id='word_1_128' title='bbox 441 1906 583 1966; x_wconf 87' lang='lat' dir='ltr'><strong>curuuas,</strong></span> <span class='ocrx_word' id='word_1_129' title='bbox 609 1889 832 1975; x_wconf 79' lang='lat' dir='ltr'><strong>secundamque</strong></span> <span class='ocrx_word' id='word_1_130' title='bbox 856 1906 989 1952; x_wconf 86' lang='lat' dir='ltr'><strong>mensam</strong></span> <span class='ocrx_word' id='word_1_131' title='bbox 1004 1888 1053 1969; x_wconf 76' lang='lat' dir='ltr'><strong>(l)</strong></span> 
     </span>
     <span class='ocr_line' id='line_1_19' title="bbox 126 1974 1053 2068; baseline -0.002 -20"><span class='ocrx_word' id='word_1_132' title='bbox 126 1985 220 2048; x_wconf 84' lang='lat' dir='ltr'><strong>serris</strong></span> <span class='ocrx_word' id='word_1_133' title='bbox 243 1974 412 2068; x_wconf 83' lang='lat' dir='ltr'><strong>dispertiit,</strong></span> <span class='ocrx_word' id='word_1_134' title='bbox 436 1992 535 2049; x_wconf 86' lang='lat' dir='ltr'><strong>cetera</strong></span> <span class='ocrx_word' id='word_1_135' title='bbox 553 1985 658 2049; x_wconf 77' lang='lat' dir='ltr'><strong>reterri</strong></span> <span class='ocrx_word' id='word_1_136' title='bbox 681 1985 780 2050; x_wconf 92' lang='lat' dir='ltr'><strong>iussit</strong></span> <span class='ocrx_word' id='word_1_137' title='bbox 800 1983 864 2059; x_wconf 82' lang='lat' dir='ltr'><strong>Quu</strong></span> <span class='ocrx_word' id='word_1_138' title='bbox 884 1986 961 2048; x_wconf 86' lang='lat' dir='ltr'><strong>lactu</strong></span> <span class='ocrx_word' id='word_1_139' title='bbox 982 2002 1053 2047; x_wconf 90' lang='lat' dir='ltr'><strong>eum</strong></span> 
     </span>
     <span class='ocr_line' id='line_1_20' title="bbox 128 2078 1144 2166; baseline 0.001 -23"><span class='ocrx_word' id='word_1_140' title='bbox 128 2078 251 2144; x_wconf 82' lang='lat' dir='ltr'><strong>barbari</strong></span> <span class='ocrx_word' id='word_1_141' title='bbox 272 2082 365 2162; x_wconf 80' lang='lat' dir='ltr'><strong>magis</strong></span> <span class='ocrx_word' id='word_1_142' title='bbox 387 2081 477 2146; x_wconf 85' lang='lat' dir='ltr'><strong>etiam</strong></span> <span class='ocrx_word' id='word_1_143' title='bbox 496 2091 737 2162; x_wconf 79' lang='lat' dir='ltr'><strong>contemserunt,</strong></span> <span class='ocrx_word' id='word_1_144' title='bbox 761 2083 842 2166; x_wconf 88' lang='lat' dir='ltr'><strong>quud</strong></span> <span class='ocrx_word' id='word_1_145' title='bbox 856 2100 945 2162; x_wconf 90' lang='lat' dir='ltr'><strong>eum,</strong></span> <span class='ocrx_word' id='word_1_146' title='bbox 964 2082 1053 2161; x_wconf 79' lang='lat' dir='ltr'><strong>ignu-</strong></span> <span class='ocrx_word' id='word_1_147' title='bbox 1141 2080 1144 2087; x_wconf 59' lang='lat'><em>⁴</em></span> 
     </span>
     <span class='ocr_line' id='line_1_21' title="bbox 128 2169 1203 2263; baseline 0.007 -24"><span class='ocrx_word' id='word_1_148' title='bbox 128 2177 226 2241; x_wconf 89' lang='lat' dir='ltr'><strong>rautia</strong></span> <span class='ocrx_word' id='word_1_149' title='bbox 241 2177 387 2242; x_wconf 84' lang='lat' dir='ltr'><strong>honarum</strong></span> <span class='ocrx_word' id='word_1_150' title='bbox 413 2197 534 2259; x_wconf 89' lang='lat' dir='ltr'><strong>rerum,</strong></span> <span class='ocrx_word' id='word_1_151' title='bbox 552 2180 604 2243; x_wconf 94' lang='lat' dir='ltr'><strong>illa</strong></span> <span class='ocrx_word' id='word_1_152' title='bbox 625 2176 812 2263; x_wconf 82' lang='lat' dir='ltr'><strong>potissimum</strong></span> <span class='ocrx_word' id='word_1_153' title='bbox 832 2180 977 2244; x_wconf 88' lang='lat' dir='ltr'><strong>sumsisse</strong></span> <span class='ocrx_word' id='word_1_154' title='bbox 1001 2201 1054 2246; x_wconf 86' lang='lat' dir='ltr'><strong>ar·</strong></span> <span class='ocrx_word' id='word_1_155' title='bbox 1143 2169 1145 2225; x_wconf 78' lang='grc' dir='ltr'>Ϊ</span> <span class='ocrx_word' id='word_1_156' title='bbox 1199 2219 1203 2225; x_wconf 96' lang='grc'>-</span> 
     </span>
     <span class='ocr_line' id='line_1_22' title="bbox 127 2268 1145 2365; baseline 0.008 -29"><span class='ocrx_word' id='word_1_157' title='bbox 127 2268 329 2350; x_wconf 75' lang='lat' dir='ltr'><strong>&#39;lritrahantun</strong></span> <span class='ocrx_word' id='word_1_158' title='bbox 352 2274 406 2339; x_wconf 91' lang='lat' dir='ltr'><strong>Hic</strong></span> <span class='ocrx_word' id='word_1_159' title='bbox 425 2296 492 2340; x_wconf 88' lang='lat' dir='ltr'><strong>eum</strong></span> <span class='ocrx_word' id='word_1_160' title='bbox 516 2296 551 2338; x_wconf 83' lang='lat' dir='ltr'><strong>ex</strong></span> <span class='ocrx_word' id='word_1_161' title='bbox 573 2276 704 2359; x_wconf 73' lang='lat' dir='ltr'><strong>Aegypto</strong></span> <span class='ocrx_word' id='word_1_162' title='bbox 725 2285 935 2365; x_wconf 84' lang='lat' dir='ltr'><strong>reverteretur,</strong></span> <span class='ocrx_word' id='word_1_163' title='bbox 957 2279 1055 2343; x_wconf 87' lang='lat' dir='ltr'><strong>duna·</strong></span> <span class='ocrx_word' id='word_1_164' title='bbox 1140 2313 1145 2362; x_wconf 72' lang='lat' dir='ltr'><em>g</em></span> 
     </span>
     <span class='ocr_line' id='line_1_23' title="bbox 130 2372 1145 2460; baseline 0.008 -26"><span class='ocrx_word' id='word_1_165' title='bbox 130 2379 178 2435; x_wconf 87' lang='lat' dir='ltr'><strong>tus</strong></span> <span class='ocrx_word' id='word_1_166' title='bbox 196 2391 214 2435; x_wconf 92' lang='lat' dir='ltr'><strong>a</strong></span> <span class='ocrx_word' id='word_1_167' title='bbox 231 2391 304 2453; x_wconf 35' lang='lat' dir='ltr'><strong>rege,</strong></span> <span class='ocrx_word' id='word_1_168' title='bbox 317 2372 520 2439; x_wconf 83' lang='lat' dir='ltr'><strong>Nectanabide</strong></span> <span class='ocrx_word' id='word_1_169' title='bbox 529 2375 577 2457; x_wconf 87' lang='lat'><strong>(5)</strong></span> <span class='ocrx_word' id='word_1_170' title='bbox 597 2376 850 2456; x_wconf 79' lang='lat' dir='ltr'><strong>ducentis.viginti</strong></span> <span class='ocrx_word' id='word_1_171' title='bbox 862 2376 1053 2460; x_wconf 65' lang='lat' dir='ltr'><strong>talentieffi),</strong></span> <span class='ocrx_word' id='word_1_172' title='bbox 1136 2398 1145 2460; x_wconf 75' lang='lat' dir='ltr'><strong>j</strong></span> 
     </span>
    </p>
   </div>
   <div class='ocr_carea' id='block_1_3' title="bbox 131 2463 1145 2654">
    <p class='ocr_par' dir='ltr' id='par_1_5' title="bbox 131 2463 1145 2654">
     <span class='ocr_line' id='line_1_24' title="bbox 131 2463 1145 2558; baseline 0.009 -26"><span class='ocrx_word' id='word_1_173' title='bbox 131 2485 208 2551; x_wconf 86' lang='lat' dir='ltr'><strong>quae</strong></span> <span class='ocrx_word' id='word_1_174' title='bbox 228 2468 280 2534; x_wconf 94' lang='lat' dir='ltr'><strong>ille</strong></span> <span class='ocrx_word' id='word_1_175' title='bbox 302 2472 420 2534; x_wconf 86' lang='lat' dir='ltr'><strong>muneri</strong></span> <span class='ocrx_word' id='word_1_176' title='bbox 442 2473 553 2554; x_wconf 86' lang='lat' dir='ltr'><strong>populu</strong></span> <span class='ocrx_word' id='word_1_177' title='bbox 576 2491 630 2536; x_wconf 89' lang='lat' dir='ltr'><strong>suo</strong></span> <span class='ocrx_word' id='word_1_178' title='bbox 645 2473 694 2555; x_wconf 88' lang='lat' dir='ltr'><strong>(l)</strong></span> <span class='ocrx_word' id='word_1_179' title='bbox 707 2463 803 2554; x_wconf 81' lang='lat' dir='ltr'><strong>daret,</strong></span> <span class='ocrx_word' id='word_1_180' title='bbox 820 2473 1056 2558; x_wconf 83' lang='lat' dir='ltr'><strong>venissetque&#39;iu</strong></span> <span class='ocrx_word' id='word_1_181' title='bbox 1142 2549 1145 2555; x_wconf 47' lang='grc'><strong>,</strong></span> 
     </span>
     <span class='ocr_line' id='line_1_25' title="bbox 132 2567 1055 2654; baseline 0.009 -26"><span class='ocrx_word' id='word_1_182' title='bbox 132 2573 265 2647; x_wconf 89' lang='lat' dir='ltr'><strong>portum,</strong></span> <span class='ocrx_word' id='word_1_183' title='bbox 282 2568 334 2650; x_wconf 91' lang='lat' dir='ltr'><strong>qui</strong></span> <span class='ocrx_word' id='word_1_184' title='bbox 352 2567 478 2633; x_wconf 87' lang='lat' dir='ltr'><strong>llenelai</strong></span> <span class='ocrx_word' id='word_1_185' title='bbox 500 2579 623 2635; x_wconf 87' lang='lat' dir='ltr'><strong>rucatur</strong></span> <span class='ocrx_word' id='word_1_186' title='bbox 633 2570 695 2653; x_wconf 86' lang='lat'><strong>(8)</strong></span> <span class='ocrx_word' id='word_1_187' title='bbox 712 2571 815 2638; x_wconf 90' lang='lat' dir='ltr'><strong>iaceus</strong></span> <span class='ocrx_word' id='word_1_188' title='bbox 831 2572 910 2637; x_wconf 88' lang='lat' dir='ltr'><strong>inter</strong></span> <span class='ocrx_word' id='word_1_189' title='bbox 927 2567 1055 2654; x_wconf 73' lang='lat' dir='ltr'><strong>Cyrenas</strong></span> 
     </span>
    </p>
   </div>
   <div class='ocr_carea' id='block_1_4' title="bbox 133 2723 1057 2854">
    <p class='ocr_par' dir='ltr' id='par_1_6' title="bbox 133 2723 1057 2854">
     <span class='ocr_line' id='line_1_26' title="bbox 154 2723 1057 2797; baseline 0.009 -25.054"><span class='ocrx_word' id='word_1_190' title='bbox 154 2723 192 2783; x_wconf 73' lang='lat' dir='ltr'><strong>tl)</strong></span> <span class='ocrx_word' id='word_1_191' title='bbox 205 2726 350 2774; x_wconf 78' lang='lat' dir='ltr'><strong>tlstecuvux</strong></span> <span class='ocrx_word' id='word_1_192' title='bbox 366 2728 456 2797; x_wconf 70' lang='grc' dir='ltr'>(ἀκτή)</span> <span class='ocrx_word' id='word_1_193' title='bbox 465 2740 540 2788; x_wconf 71' lang='lat' dir='ltr'><strong>nuum</strong></span> <span class='ocrx_word' id='word_1_194' title='bbox 556 2741 599 2790; x_wconf 87' lang='lat' dir='ltr'><strong>pru</strong></span> <span class='ocrx_word' id='word_1_195' title='bbox 614 2731 693 2778; x_wconf 84' lang='lat' dir='ltr'><strong>ttttare</strong></span> <span class='ocrx_word' id='word_1_196' title='bbox 707 2732 776 2779; x_wconf 76' lang='lat' dir='ltr'><strong>ettam</strong></span> <span class='ocrx_word' id='word_1_197' title='bbox 792 2734 930 2781; x_wconf 71' lang='lat' dir='ltr'><strong>soleamne</strong></span> <span class='ocrx_word' id='word_1_198' title='bbox 945 2735 969 2780; x_wconf 88' lang='lat' dir='ltr'><strong>et</strong></span> <span class='ocrx_word' id='word_1_199' title='bbox 984 2732 1057 2793; x_wconf 78' lang='lat' dir='ltr'><strong>ttrgt·</strong></span> 
     </span>
     <span class='ocr_line' id='line_1_27' title="bbox 133 2789 441 2854; baseline 0.02 -17"><span class='ocrx_word' id='word_1_200' title='bbox 133 2789 164 2838; x_wconf 87' lang='lat' dir='ltr'><strong>ltu</strong></span> <span class='ocrx_word' id='word_1_201' title='bbox 177 2795 312 2854; x_wconf 80' lang='lat' dir='ltr'><strong>usurpatum</strong></span> <span class='ocrx_word' id='word_1_202' title='bbox 330 2792 441 2844; x_wconf 76' lang='lat' dir='ltr'><strong>videmus</strong></span> 
     </span>
    </p>
   </div>
   <div class='ocr_carea' id='block_1_5' title="bbox 159 2857 660 2989">
    <p class='ocr_par' dir='ltr' id='par_1_7' title="bbox 159 2857 660 2989">
     <span class='ocr_line' id='line_1_28' title="bbox 160 2857 660 2927; baseline 0.01 -22"><span class='ocrx_word' id='word_1_203' title='bbox 160 2857 191 2918; x_wconf 77' lang='lat'><strong>(2)</strong></span> <span class='ocrx_word' id='word_1_204' title='bbox 206 2860 296 2917; x_wconf 83' lang='lat' dir='ltr'><strong>lutelltg</strong></span> <span class='ocrx_word' id='word_1_205' title='bbox 297 2873 310 2923; x_wconf 79' lang='lat'><strong>⁰.</strong></span> <span class='ocrx_word' id='word_1_206' title='bbox 327 2860 457 2920; x_wconf 76' lang='lat' dir='ltr'><strong>preelectus</strong></span> <span class='ocrx_word' id='word_1_207' title='bbox 471 2867 531 2923; x_wconf 81' lang='lat' dir='ltr'><strong>regis</strong></span> <span class='ocrx_word' id='word_1_208' title='bbox 549 2865 660 2927; x_wconf 75' lang='lat' dir='ltr'><strong>Aegyptii.</strong></span> 
     </span>
     <span class='ocr_line' id='line_1_29' title="bbox 159 2917 484 2989; baseline 0.025 -17"><span class='ocrx_word' id='word_1_209' title='bbox 159 2927 190 2984; x_wconf 61' lang='grc' dir='ltr'><strong>(ὅ)</strong></span> <span class='ocrx_word' id='word_1_210' title='bbox 201 2927 251 2974; x_wconf 78' lang='lat' dir='ltr'><strong>llel.</strong></span> <span class='ocrx_word' id='word_1_211' title='bbox 254 2944 260 2975; x_wconf 82' lang='lat' dir='ltr'><strong>r</strong></span> <span class='ocrx_word' id='word_1_212' title='bbox 274 2917 313 2975; x_wconf 73' lang='lat' dir='ltr'><strong>Du</strong></span> <span class='ocrx_word' id='word_1_213' title='bbox 321 2934 395 2989; x_wconf 82' lang='lat' dir='ltr'><strong>purte</strong></span> <span class='ocrx_word' id='word_1_214' title='bbox 405 2932 442 2976; x_wconf 79' lang='lat' dir='ltr'><strong>clel</strong></span> <span class='ocrx_word' id='word_1_215' title='bbox 451 2945 484 2980; x_wconf 80' lang='lat' dir='ltr'><strong>re.</strong></span> 
     </span>
    </p>
   </div>
   <div class='ocr_carea' id='block_1_6' title="bbox 135 2995 1060 3394">
    <p class='ocr_par' dir='ltr' id='par_1_8' title="bbox 135 2995 1057 3113">
     <span class='ocr_line' id='line_1_30' title="bbox 161 2995 1057 3060; baseline 0.011 -19"><span class='ocrx_word' id='word_1_216' title='bbox 161 2995 192 3052; x_wconf 86' lang='lat' dir='ltr'><strong>(l)</strong></span> <span class='ocrx_word' id='word_1_217' title='bbox 207 2997 271 3054; x_wconf 74' lang='lat' dir='ltr'><strong>Quae</strong></span> <span class='ocrx_word' id='word_1_218' title='bbox 289 2995 404 3046; x_wconf 85' lang='lat' dir='ltr'><strong>tmctibus</strong></span> <span class='ocrx_word' id='word_1_219' title='bbox 419 3001 442 3046; x_wconf 89' lang='lat' dir='ltr'><strong>et</strong></span> <span class='ocrx_word' id='word_1_220' title='bbox 453 3000 582 3047; x_wconf 84' lang='lat' dir='ltr'><strong>levioribus</strong></span> <span class='ocrx_word' id='word_1_221' title='bbox 601 2999 658 3047; x_wconf 85' lang='lat' dir='ltr'><strong>cibis</strong></span> <span class='ocrx_word' id='word_1_222' title='bbox 672 3001 798 3060; x_wconf 84' lang='lat' dir='ltr'><strong>constaret,</strong></span> <span class='ocrx_word' id='word_1_223' title='bbox 814 2999 843 3046; x_wconf 87' lang='lat' dir='ltr'><strong>ad</strong></span> <span class='ocrx_word' id='word_1_224' title='bbox 857 3001 994 3058; x_wconf 82' lang='lat' dir='ltr'><strong>elegantium</strong></span> <span class='ocrx_word' id='word_1_225' title='bbox 1008 3015 1057 3051; x_wconf 86' lang='lat' dir='ltr'><strong>nou</strong></span> 
     </span>
     <span class='ocr_line' id='line_1_31' title="bbox 135 3060 351 3114; baseline 0.029 -7"><span class='ocrx_word' id='word_1_226' title='bbox 135 3060 162 3107; x_wconf 79' lang='lat' dir='ltr'><strong>etl</strong></span> <span class='ocrx_word' id='word_1_227' title='bbox 178 3066 351 3114; x_wconf 82' lang='lat' dir='ltr'><strong>necessitatem.</strong></span> 
     </span>
    </p>

    <p class='ocr_par' dir='ltr' id='par_1_9' title="bbox 135 3131 1060 3262">
     <span class='ocr_line' id='line_1_32' title="bbox 162 3131 1060 3195; baseline 0.012 -21"><span class='ocrx_word' id='word_1_228' title='bbox 162 3131 193 3184; x_wconf 80' lang='lat'><strong>(5)</strong></span> <span class='ocrx_word' id='word_1_229' title='bbox 209 3131 313 3189; x_wconf 65' lang='lat' dir='ltr'><strong>Namque</strong></span> <span class='ocrx_word' id='word_1_230' title='bbox 328 3146 342 3178; x_wconf 81' lang='lat' dir='ltr'><strong>a</strong></span> <span class='ocrx_word' id='word_1_231' title='bbox 357 3133 447 3195; x_wconf 82' lang='lat' dir='ltr'><strong>&#39;&#39;llraco,</strong></span> <span class='ocrx_word' id='word_1_232' title='bbox 463 3147 541 3193; x_wconf 84' lang='lat' dir='ltr'><strong>equo</strong></span> <span class='ocrx_word' id='word_1_233' title='bbox 556 3137 703 3195; x_wconf 86' lang='lat' dir='ltr'><strong>contemptus</strong></span> <span class='ocrx_word' id='word_1_234' title='bbox 717 3135 759 3195; x_wconf 74' lang='lat' dir='ltr'><strong>eet,</strong></span> <span class='ocrx_word' id='word_1_235' title='bbox 767 3135 883 3192; x_wconf 74' lang='lat' dir='ltr'><strong>Agesilaus</strong></span> <span class='ocrx_word' id='word_1_236' title='bbox 897 3135 927 3182; x_wconf 86' lang='lat' dir='ltr'><strong>ad</strong></span> <span class='ocrx_word' id='word_1_237' title='bbox 942 3135 1006 3184; x_wconf 87' lang='lat' dir='ltr'><strong>hune</strong></span> <span class='ocrx_word' id='word_1_238' title='bbox 1019 3138 1060 3185; x_wconf 84' lang='lat' dir='ltr'><strong>du·</strong></span> 
     </span>
     <span class='ocr_line' id='line_1_33' title="bbox 135 3195 648 3262; baseline 0.016 -23"><span class='ocrx_word' id='word_1_239' title='bbox 135 3195 228 3242; x_wconf 75' lang='lat' dir='ltr'><strong>scireest</strong></span> <span class='ocrx_word' id='word_1_240' title='bbox 230 3200 293 3257; x_wconf 79' lang='lat' dir='ltr'><strong>,qul</strong></span> <span class='ocrx_word' id='word_1_241' title='bbox 304 3200 402 3260; x_wconf 76' lang='lat' dir='ltr'><strong>Aegypti</strong></span> <span class='ocrx_word' id='word_1_242' title='bbox 416 3213 490 3260; x_wconf 73' lang='lat' dir='ltr'><strong>regnu</strong></span> <span class='ocrx_word' id='word_1_243' title='bbox 505 3203 593 3262; x_wconf 81' lang='lat' dir='ltr'><strong>potitus</strong></span> <span class='ocrx_word' id='word_1_244' title='bbox 605 3206 648 3249; x_wconf 83' lang='lat' dir='ltr'><strong>est.</strong></span> 
     </span>
    </p>

    <p class='ocr_par' dir='ltr' id='par_1_10' title="bbox 163 3264 543 3327">
     <span class='ocr_line' id='line_1_34' title="bbox 163 3264 543 3327; baseline 0.019 -18"><span class='ocrx_word' id='word_1_245' title='bbox 163 3264 195 3319; x_wconf 81' lang='grc'><strong>(6)</strong></span> <span class='ocrx_word' id='word_1_246' title='bbox 209 3264 291 3312; x_wconf 76' lang='lat' dir='ltr'><strong>Ferme</strong></span> <span class='ocrx_word' id='word_1_247' title='bbox 307 3266 426 3327; x_wconf 77' lang='lat' dir='ltr'><strong>l,2ltt,⁰⁰tl</strong></span> <span class='ocrx_word' id='word_1_248' title='bbox 440 3270 543 3324; x_wconf 68' lang='lat' dir='ltr'><strong>truncat.</strong></span> 
     </span>
    </p>

    <p class='ocr_par' dir='ltr' id='par_1_11' title="bbox 164 3330 437 3394">
     <span class='ocr_line' id='line_1_35' title="bbox 164 3330 437 3394; baseline 0.023 -17"><span class='ocrx_word' id='word_1_249' title='bbox 164 3330 195 3387; x_wconf 81' lang='lat' dir='ltr'><strong>tl)</strong></span> <span class='ocrx_word' id='word_1_250' title='bbox 208 3332 296 3392; x_wconf 86' lang='lat' dir='ltr'><strong>Nempe</strong></span> <span class='ocrx_word' id='word_1_251' title='bbox 311 3337 437 3394; x_wconf 77' lang='lat' dir='ltr'><strong>spartanis.</strong></span> 
     </span>
    </p>
   </div>
   <div class='ocr_carea' id='block_1_7' title="bbox 140 3399 1059 3514">
    <p class='ocr_par' dir='ltr' id='par_1_12' title="bbox 140 3399 1059 3514">
     <span class='ocr_line' id='line_1_36' title="bbox 140 3399 1059 3512; baseline 0.007 -62"><span class='ocrx_word' id='word_1_252' title='bbox 140 3399 195 3512; x_wconf 55' lang='lat' dir='ltr'><strong>rrtollit</strong></span> <span class='ocrx_word' id='word_1_253' title='bbox 204 3399 329 3460; x_wconf 78' lang='lat' dir='ltr'><strong>Prtpteree</strong></span> <span class='ocrx_word' id='word_1_254' title='bbox 342 3405 407 3462; x_wconf 81' lang='lat' dir='ltr'><strong>quod</strong></span> <span class='ocrx_word' id='word_1_255' title='bbox 422 3405 454 3452; x_wconf 85' lang='lat' dir='ltr'><strong>ed</strong></span> <span class='ocrx_word' id='word_1_256' title='bbox 468 3406 533 3453; x_wconf 85' lang='lat' dir='ltr'><strong>illurn</strong></span> <span class='ocrx_word' id='word_1_257' title='bbox 548 3406 659 3466; x_wconf 86' lang='lat' dir='ltr'><strong>procellis</strong></span> <span class='ocrx_word' id='word_1_258' title='bbox 675 3407 771 3453; x_wconf 83' lang='lat' dir='ltr'><strong>luctatus</strong></span> <span class='ocrx_word' id='word_1_259' title='bbox 788 3407 906 3466; x_wconf 83' lang='lat' dir='ltr'><strong>appulerit</strong></span> <span class='ocrx_word' id='word_1_260' title='bbox 921 3409 947 3454; x_wconf 90' lang='lat' dir='ltr'><strong>lu</strong></span> <span class='ocrx_word' id='word_1_261' title='bbox 957 3406 1059 3464; x_wconf 75' lang='lat' dir='ltr'><strong>redltua</strong></span> 
     </span>
     <span class='ocr_line' id='line_1_37' title="bbox 191 3481 211 3514; baseline 0 0"><span class='ocrx_word' id='word_1_262' title='bbox 191 3481 211 3514; x_wconf 90' lang='lat' dir='ltr'><strong>u.</strong></span> 
     </span>
    </p>
   </div>
   <div class='ocr_carea' id='block_1_8' title="bbox 0 0 1249 3938">
    <p class='ocr_par' dir='ltr' id='par_1_13' title="bbox 0 0 1249 3938">
     <span class='ocr_line' id='line_1_38' title="bbox 0 0 1249 3938; baseline 0 0"><span class='ocrx_word' id='word_1_263' title='bbox 0 0 1249 3938; x_wconf 95' lang='lat' dir='ltr'><strong> </strong></span> 
     </span>
    </p>
   </div>
  </div>
 </body>
</html>
