2452 3938
157 248 198 312 36
548 269 700 314 uursrrnrs

154 357 312 437 indicium,
326 379 415 441 quam
428 361 520 442 quod,
540 380 608 424 oum
624 363 714 424 tantis
735 362 826 449 rebus
845 363 1035 444 praefuisset,
1052 366 1085 428 in

154 461 238 518 tauta
249 464 424 537 paupertate
437 458 575 542 decessit,
587 467 632 535 ut,
645 459 695 540 qui
708 459 876 537 offerretur,
894 461 940 521 vix
953 462 1084 544 relique·

153 552 204 614 rit.
221 549 284 622 Quo
301 553 411 615 iactum
430 563 487 631 est,
507 569 539 616 ut
560 556 639 618 filiae
656 555 720 618 eius
738 556 857 637 publice
873 558 1037 636 alerentur,
1053 567 1084 622 et

76 693 99 726 ,
108 647 354 726 ,ffldecommuni
372 651 486 713 aerario
504 651 623 714 dotibus
636 653 712 714 datis
723 653 953 716 collocarentur.
968 654 1082 718 Deces-

153 743 192 805 sit
209 753 308 807 autern
331 746 393 809 lere
411 756 478 829 post
495 767 606 811 anuum
629 758 768 832 quartum
796 769 886 868 quarn
905 749 1082 816 Themisto-

152 841 212 902 cles
229 841 355 905 Athenis
374 854 438 908 erat
455 847 607 927 expulsus

589 1158 639 1225 lv.

434 1341 783 1465 Pausanias.

188 1688 212 1753 1.
233 1689 396 1754 Pausanias
410 1692 666 1772 lacedaemonius,
683 1713 806 1774 magnus
824 1694 926 1771 homo,
950 1688 1003 1759 sed
1021 1719 1077 1762 va·

147 1787 210 1851 rius
225 1789 256 1850 in
276 1791 358 1852 omni
375 1809 483 1868 genere
497 1792 575 1854 ritae
586 1793 653 1855 suit:
674 1811 742 1854 narn
754 1801 788 1854 ut
799 1792 958 1856 virtutibus
969 1796 1075 1873 eluxit,

69 1941 94 1986 Δ
105 1943 129 1985 C
137 1883 191 1948 sio
202 1884 281 1949 viliis
295 1895 340 1950 est
357 1888 492 1950 obrutus.
506 1887 601 1951 Huius
616 1889 850 1952 illustrissimum
865 1899 909 1950 est
924 1892 1075 1970 proelium

70 1973 225 2065 ssor'eapud
243 1983 394 2049 Plataeas:
415 2005 562 2068 namque,
582 1988 632 2049 illo
651 1988 745 2063 duce,
763 1985 956 2065 Mardonius,
971 1999 1074 2051 satra-

146 2101 200 2166 pes
218 2084 247 2166 (l
252 2083 391 2165 >regius
410 2085 530 2147 natione
548 2083 667 2163 Medus,
687 2085 766 2164 regis
787 2102 892 2162 gener,
918 2085 949 2146 iu
967 2087 1073 2166 primis

148 2181 283 2245 omnium
301 2179 458 2244 Persarum
477 2190 507 2244 et
525 2200 616 2244 manu
634 2182 732 2259 sortis,
753 2191 784 2244 et
809 2181 926 2243 consilii
952 2183 1071 2262 plenus,

89 2294 98 2310 ⁸
149 2298 216 2358 cum
228 2278 363 2342 ducentis
378 2279 510 2341 millibus
523 2279 668 2359 peditum,
682 2297 756 2360 quos
767 2278 877 2341 viritim
886 2279 998 2357 legerat
1009 2280 1071 2362 (P),

147 2385 178 2438 et
194 2375 298 2454 viginti
312 2375 444 2438 millibus
456 2376 603 2459 equiturn,
617 2376 698 2439 haud
709 2377 752 2437 ita
767 2394 872 2454 magna
883 2393 972 2439 manu
983 2376 1073 2442 Grae·

147 2473 194 2534 oia
207 2473 324 2551 fugatus
342 2480 398 2550 est,
416 2491 512 2554 eoque
529 2473 593 2553 ipse
607 2473 666 2535 dux
680 2471 787 2535 cecidit
811 2472 935 2552 proelio.
951 2470 1016 2544 Qua
1030 2475 1073 2537 vi-

146 2571 240 2632 ctoria
256 2571 351 2632 elatus
359 2570 419 2651 (3),
432 2570 560 2652 plurima
577 2570 702 2632 miscere
712 2569 821 2650 coepit,
834 2577 864 2631 et
876 2568 990 2632 maiora
1000 2589 1073 2634 eon.

146 2667 311 2749 cupiscere.
335 2664 392 2730 Sed
418 2667 549 2748 primum
566 2669 598 2729 in
621 2686 656 2730 eo
682 2675 727 2729 est
754 2665 967 2748 reprehensus,
988 2668 1070 2749 quod

145 2786 181 2830 ex
202 2764 312 2849 praeda
339 2763 483 2845 tripodem
508 2783 629 2827 aureum
653 2763 773 2845 Delphis
809 2761 974 2845 posuisset,
1001 2766 1069 2846 epi-

143 2871 307 2946 grammate
325 2862 445 2942 scripto,
466 2861 496 2924 in
515 2881 573 2943 quo
594 2871 656 2923 erat
671 2862 743 2923 liaeo
761 2860 928 2923 sententia:
948 2863 1070 2926 ruodu-

144 2971 192 3026 eto
206 2961 347 3026 tartaros
363 2960 444 3040 opud
462 2960 597 3023 Ptotoeos
615 2975 675 3022 esse
699 2958 815 3037 demtos,
838 2959 957 3038 eiusque
972 2960 1068 3024 vieto-

142 3164 251 3212 turbatae
264 3167 321 3212 sunt
335 3179 386 3226 res,
402 3167 525 3226 propterea
542 3165 605 3224 quod
625 3165 673 3226 llll,
686 3165 780 3211 tertium
803 3175 858 3210 cum
878 3162 997 3208 Messeniis
1015 3158 1066 3208 bel·

141 3233 189 3279 turn
203 3233 318 3294 adgressi,
334 3236 432 3280 nocitum
450 3234 534 3280 horum
549 3235 675 3294 aurllium,
690 3233 755 3280 nulla
769 3233 805 3279 sat
819 3230 936 3292 probabili
950 3229 1024 3277 huius
1033 3231 1068 3276 lu·

140 3301 214 3347 turine
227 3313 306 3362 causa,
320 3303 468 3348 tomuissent.

171 3367 202 3425 (tt
218 3367 329 3426 Suerapoo
344 3368 406 3428 apud
419 3369 498 3416 Persas
509 3370 682 3429 prorlnotarum
694 3366 807 3429 praelecti
822 3365 1008 3426 appellabantur.

172 3436 204 3496 (2)
218 3435 280 3481 ltal.·
295 3437 318 3481 11
332 3436 389 3494 piore
402 3436 481 3483 realta

173 3503 205 3563 (ὅ)
220 3505 354 3554 Pausanias.
