2452 3938
500 219 665 266 rmornens
998 208 1038 272 8¹1

121 311 233 376 talenta
252 310 299 392 (ι)
321 309 472 374 Cononem
502 311 596 372 tilium
621 313 707 390 eius,
731 312 767 373 ad
796 311 873 375 muri
890 316 1041 396 quandam

120 419 236 492 partem
253 407 457 485 reficiendam,
475 407 563 470 iussit
580 407 663 470 dare.
682 407 716 470 ln
730 428 788 490 quo
801 409 936 473 fortunae
951 412 1043 474 varie·

120 517 166 570 tas
184 514 230 569 est
246 505 462 567 animadversa.
484 503 578 582 Nam,
598 524 673 586 quos
690 525 762 568 arus
779 504 893 584 Conon,
920 524 1039 585 muros,

119 602 305 689 eit-hostium
324 600 444 683 praeda,
464 600 577 682 patriae
599 601 780 680 restituerat,
799 603 917 665 eosdem
932 622 1036 684 nepos,

117 708 188 764 'oum
216 717 334 762 summa
363 698 526 777 ignominia
543 698 695 777 familiae,
715 717 752 760 ex
771 718 825 762 sua
849 718 883 763 re
900 701 1042 764 familiari

121 797 388 864 reucereooactus
416 802 471 857 est.
502 793 651 857 Timothei
676 805 775 858 autem
794 797 963 860 moderatae
989 815 1040 860 sa·

122 888 290 978 pientisque
308 893 384 954 ritae
402 909 470 954 oum
489 892 630 973 pleraque
646 892 794 974 possimus
812 895 944 975 proferre
960 895 1042 957 testi·

122 978 234 1077 monia,
253 1008 313 1052 uno
328 989 439 1052 erimus
456 989 604 1068 contenti,
623 990 703 1072 quod
721 1009 757 1053 ex
775 1010 810 1054 eo
828 990 1041 1055 iaoiie'ooniiei

123 1086 253 1173 poterit,
272 1105 362 1168 quam
380 1105 464 1148 carus
490 1087 552 1149 suis
575 1087 674 1149 fuerit.
701 1087 773 1151 Cum
792 1088 915 1151 Athenis
937 1090 1040 1152 adole·

122 1184 273 1250 so'entulus
292 1190 413 1246 oausam
433 1182 555 1262 diceret,
575 1203 635 1246 non
653 1185 750 1247 solum
769 1185 857 1248 amici
875 1186 1040 1268 priuatique

122 1282 253 1366 hospites
270 1280 392 1344 adeum
411 1279 629 1344 defendendum
644 1291 857 1361 convenerunt,
876 1282 1041 1344 sedetiam

121 1378 152 1444 in
168 1381 214 1443 eis
226 1377 314 1445 Iason
326 1377 374 1461 (ι)
385 1374 537 1461 tyrannus,
551 1378 603 1460 qui
618 1379 668 1442 ilio
686 1385 819 1462 tempore
836 1381 892 1443 fuit
906 1379 1040 1442 omnium

123 1475 359 1561 potentissimus.
370 1473 423 1536 iiio
434 1493 501 1537 eum
514 1477 545 1538 iu
559 1477 655 1559 patria
671 1477 736 1540 sine
747 1476 926 1540 satellitibus
943 1494 975 1538 se
994 1484 1043 1540 tu·

123 1572 181 1637 tum
200 1591 264 1637 non
279 1571 484 1651 arbitraretur,
503 1572 633 1637 Athenas
656 1574 722 1636 sine
739 1575 800 1638 uilo
822 1573 969 1656 praesidio
986 1592 1040 1636 re-

123 1672 175 1736 nit:
196 1670 334 1753 tantique
352 1670 498 1752 hospitem
515 1671 597 1750 feeit,
620 1679 653 1734 ut
675 1672 777 1735 mallet
793 1690 825 1734 se
839 1671 944 1755 eapitis
962 1672 1040 1753 peri·

123 1757 220 1855 ouium
236 1767 331 1846 adire,
344 1786 432 1851 quam
442 1766 599 1831 Timotheo
611 1768 648 1831 de
664 1769 743 1832 sama
755 1769 912 1833 'dimicanti
922 1770 1037 1833 deesse.

122 1866 205 1951 huno
230 1865 370 1929 adversus
383 1874 480 1928 tamen
500 1865 672 1929 Timotheus
689 1874 804 1949 postea,
820 1866 923 1949 popuii
940 1867 1037 1944 iussu,

123 1964 232 2031 bellum
242 1964 352 2044 gessit,
370 1956 541 2046 patriaeque
552 1963 700 2026 sanctiora
713 1964 791 2043 iura,
804 1971 892 2045 quam
903 1963 1037 2046 hospitii,

124 2080 185 2126 esse
201 2062 296 2124 duxit.
315 2059 394 2125 Haeo
406 2069 534 2123 extrema
550 2060 607 2124 tuit
623 2069 704 2123 aetas
719 2061 931 2143 imperatorum
949 2060 1040 2123 Athe·

121 2158 284 2236 niensium,
284 2152 468 2240 'lphitratis,
486 2156 643 2236 Chabriae,
662 2157 822 2221 Timothei:
844 2177 952 2239 neque,
972 2165 1039 2240 post

126 2253 240 2347 morum
259 2252 385 2333 obitum,
405 2255 562 2337 quisquam
581 2255 661 2317 dux
652 2274 684 2317 m
697 2255 749 2321 iiia
766 2253 872 2319 urbes
857 2256 913 2318 fuit
933 2255 1039 2337 dignus

128 2342 270 2465 memoria
283 2351 343 2434 (3)

154 2553 174 2613 (i
177 2571 184 2611 p
199 2553 262 2602 idest
275 2554 357 2614 55‚000
367 2551 467 2613 franchi.
1001 2584 1005 2594 ·

157 2620 186 2679 ti)
198 2621 334 2682 Pheraeum,
348 2623 448 2669 urbisin
463 2621 626 2682 Pelasgiottde,
638 2621 875 2684 Thessaliaeregione
886 2627 1004 2685 tyrannus.

156 2688 185 2749 (d)
196 2689 262 2736 Tune
277 2693 340 2736 enim
354 2691 507 2738 Macedonum
519 2694 650 2752 progenies,
665 2694 701 2738 tot
714 2693 863 2741 saeculorum
876 2695 970 2741 orientia
981 2695 1042 2740 exei-

132 2757 180 2818 tta,
192 2761 218 2804 tn
233 2761 306 2806 rotem
329 2760 352 2806 et
367 2761 486 2819 pulverem
506 2761 624 2820 prodibat,
644 2761 667 2806 et
680 2761 754 2818 gioria
772 2763 880 2810 oootdeua
900 2763 1040 2811 Athenorutn

133 2832 143 2868 ι
163 2828 252 2885 Spartae
272 2827 375 2886 apioria
389 2831 475 2876 orienti
487 2829 562 2876 Peliae
578 2827 710 2886 urgebatur.
