2452 3938
117 363 217 446 Hinc
234 365 391 470 propria
406 366 508 449 iltius
521 366 698 450 historici
709 367 864 468 generis
878 370 993 472 ratio,

67 475 192 582 quod,
213 507 293 559 non
312 477 354 558 in
372 479 499 579 gentis
515 479 715 584 populive,
735 481 861 562 sedin
880 484 994 566 unius
1049 509 1052 518 ·

67 592 333 673 tantummodo
349 592 421 673 viri
440 592 555 673 vitam
574 593 791 697 inquiram,
806 625 828 674 a
846 595 995 677 Plutar·

68 704 142 785 cho
165 705 267 810 apud
285 705 480 809 Graecos,
498 736 521 785 a
539 706 723 788 Cornelio
741 736 831 789 vero
844 708 993 813 Nepote

69 816 174 920 apud
194 819 391 901 Romanos
414 817 711 905 iliustrationem
736 820 900 925 accepit.
923 823 994 904 Ille

70 947 221 1033 tamen,
242 960 374 1034 quum,
396 930 641 1014 Graecorum
672 932 872 1033 ingenium
889 962 996 1016 secu·

70 1044 347 1148 tu5‚poeticam
362 1045 569 1147 quamdam
585 1046 749 1127 formam
762 1046 995 1149 adfectauit,

68 1157 168 1239 fictis
189 1157 296 1261 iuxta
321 1176 439 1261 atque
466 1158 566 1239 veris
593 1159 711 1240 rebus
737 1178 797 1241 est
817 1160 993 1242 deiecta-

71 1287 148 1376 tus3
169 1271 310 1354 Noster
331 1301 402 1375 pro
419 1300 577 1353 romana
596 1271 864 1354 moderatione
878 1273 920 1352 in
937 1303 995 1354 re·

69 1386 259 1488 centiori,
290 1415 415 1489 eoque
451 1385 570 1485 magis
605 1401 737 1488 certo,
764 1405 994 1486 argumento

70 1517 263 1603 versatuS,
280 1518 340 1601 et,
367 1497 472 1601 qnod
493 1498 724 1602 scriptorem
746 1498 932 1604 decebat,
954 1500 994 1579 in

71 1643 230 1695 romana
252 1612 408 1695 civitate
435 1630 475 1695 et
502 1629 560 1693 tot
594 1611 788 1713 bellorum
820 1612 907 1693 luce
941 1612 997 1693 vi-

72 1745 251 1830 ventem,
288 1737 376 1806 Vitas
401 1737 622 1806 accedentium
651 1738 882 1826 imperatorum
908 1756 998 1830 per-

71 1858 245 1946 secutus,
271 1841 504 1923 acerrimum
533 1840 720 1922 iudicium
758 1858 798 1922 et
832 1841 873 1931 in
903 1840 999 1922 scri-

71 1956 204 2038 bendo
246 1955 469 2036 libertatem
516 1972 557 2037 et
598 1953 720 2036 civilis
765 1955 996 2058 prudentiae

72 2099 217 2175 penum
243 2069 447 2150 abundans
473 2068 572 2151 adeo
605 2067 723 2150 etiam
754 2067 845 2149 satis
873 2067 997 2148 nitido

72 2201 191 2287 atque
207 2182 379 2285 eleganti
396 2182 495 2284 stylo
521 2181 827 2283 commendavit,
845 2198 889 2261 ut
906 2180 997 2259 nul-

73 2299 133 2380 lus
158 2297 352 2379 desiderio
387 2295 507 2400 possit
538 2324 622 2378 esse
654 2293 792 2376 modus
827 2292 999 2394 reliquo-

75 2442 161 2495 rum
182 2410 357 2494 Cornelii
378 2438 561 2514 operum,
582 2438 683 2511 quae
711 2424 861 2511 tempus
884 2407 998 2486 nobis

75 2526 226 2608 inridit.

126 2637 354 2720 Huiusmodi
367 2654 426 2719 est
439 2635 502 2717 hie
520 2635 661 2716 latinus
674 2633 863 2738 scriptor,
882 2662 1000 2735 quern

76 2753 251 2837 Thomae
273 2748 479 2853 Vaiiaurii‚
501 2747 675 2852 magistri
697 2746 773 2829 mei
794 2745 1002 2845 elegantis·

77 2868 183 2970 simi,
207 2864 338 2948 ‘verbis
364 2863 595 2945 commendo
630 2860 724 2963 tihi,
750 2859 918 2942 candide
946 2859 1002 2940 le·

5 3046 13 3051 -
80 2999 187 3083 otor,
219 2978 424 3068 commoda
460 2975 839 3058 animadversionum
874 2971 1003 3076 supel-

80 3096 211 3180 lectile
229 3113 398 3177 auctum.
419 3093 542 3176 Utere
569 3108 610 3174 et
635 3088 732 3172 vale.

132 3209 232 3293 Dab.
250 3215 341 3313 Aug.
358 3209 476 3290 Taur.
496 3206 571 3286 xnl
588 3204 666 3286 lral.
684 3201 785 3286 fei).
801 3227 1006 3289 nncccmv.
