2452 3938
176 253 236 317 108
493 271 699 317 animosum

130 377 171 422 ne
186 379 292 424 manus
302 378 424 424 suornm
437 362 583 439 sanguiue
593 370 775 440 cruentaret3
791 372 923 444 namque
933 380 1021 425 omne
1032 358 1116 413 ὦ

132 457 249 521 ciuilem
265 458 419 519 victoriam
444 458 592 520 funestam
610 459 734 538 nutabat
760 459 823 540 (l).
845 458 952 534 Idem,
969 478 1032 540 post
1043 458 1116 511 2

131 572 221 634 qnam
238 553 318 636 apud
332 552 491 617 Cadmeam
505 555 631 635 pugnari
648 574 716 617 oum
733 553 1116 618 Lacedaemonium-‘¹

129 651 186 731 pit,
206 651 359 731 inprimis
379 651 471 715 stetit.
491 651 587 715 lluius
603 652 642 714 de
663 652 823 714 virtutihus
840 653 962 734 rihque
981 648 1116 717 sati,-

63 786 66 790 -
132 748 190 810 erit
206 746 338 823 dietum,
357 747 383 811 si
409 748 464 810 hoe
492 767 585 810 unum
614 749 776 812 adiunxero
797 748 877 831 quod
895 767 987 815 nemo
1006 751 1116 813 aa*

130 843 257 907 infidias:
276 842 407 922 Thebas,
420 853 451 906 et
467 851 537 907 ante
553 844 790 926 Epaminondam
804 855 921 923 natum,
939 854 973 908 et
988 848 1116 928 με(

130 938 264 1002 eiusdem
283 940 456 1017 interitum,
476 950 619 1023 perpetuu
637 941 736 1004 alieno
751 943 889 1023 parumse
905 942 1034 1024 imperio
1069 946 1116 993 Φ

130 1043 305 1113 contram,
324 1037 466 1118 quamdin
489 1038 541 1101 ille
558 1037 721 1120 praefuerit
737 1037 945 1119 reipublicae,
964 1040 1116 1119 napus!

129 1131 222 1197 tuisse
240 1133 330 1197 totius
358 1134 511 1200 Graeciae.
534 1136 654 1219 Exque
684 1135 810 1214 intelligi
839 1141 938 1218 potest
959 1137 1116 1201 uuit&³

129 1229 281 1297 homiuem
299 1232 394 1312 pluris
410 1252 501 1314 quam
519 1234 668 1296 ciuitatem
687 1232 791 1296 inisse.

471 1557 474 1563 ’
551 1567 628 1636 Xlll.

443 1815 730 1897 PELOPlDAS.

165 2159 189 2224 l.
206 2159 382 2242 Pelopidas,
401 2160 569 2237 thebanus,
599 2158 692 2238 magis
710 2158 858 2224 historicis
877 2157 939 2242 (2),
959 2179 1050 2244 quam

125 2258 210 2337 uulgo
222 2259 328 2321 nutus.⁶
340 2257 430 2322 Cuius
449 2257 486 2320 de
500 2257 658 2320 uirtutibus
677 2256 780 2320 dubito
794 2258 1047 2340 quemadmodum

124 2372 288 2434 exponam3
313 2353 391 2437 quod
410 2372 524 2430 vereor,
544 2373 600 2431 ne,
620 2355 646 2416 si
661 2373 709 2417 res
727 2355 875 2436 explicare
890 2354 1048 2437 incipiam,

124 2467 185 2511 uon
202 2450 291 2511 vitam
303 2452 368 2513 eius
385 2468 534 2524 enarrare,
550 2451 602 2512 sed
618 2449 772 2513 historiam
786 2451 889 2514 uidear
901 2451 1046 2529 seribere;

123 2546 149 2609 si
166 2549 370 2611 tantummodo
388 2567 519 2611 summas
531 2549 666 2629 attigero,
687 2567 724 2610 ne
739 2546 864 2610 rudibus
878 2548 1048 2611 litterarum

122 2661 297 2722 graecarum
323 2644 422 2707 minus
440 2644 539 2707 lnoide
564 2654 705 2726 appareat
732 2654 860 2727 quantus
877 2643 969 2707 luerit
997 2645 1050 2708 illo

122 2744 177 2805 uir.
203 2741 306 2827 ltaque
324 2728 443 2823 utrisne
461 2741 506 2805 rei
531 2760 683 2805 occurram
706 2750 849 2823 quantum
872 2749 988 2821 potero,
1017 2748 1050 2804 et

121 2838 264 2903 medebor
274 2859 341 2903 oum
351 2839 479 2903 satietati
497 2848 559 2902 tum
574 2838 759 2917 ignorantiae
774 2838 931 2900 lectorum.
947 2835 1047 2901 Phoe·

122 2935 221 3015 bidas‚
238 2936 503 3014 lacedaemonius,
517 2954 584 2998 cum
595 2936 764 2998 'exereitum
779 2932 939 3015 Olynthum
954 2933 1047 2997 duce·

122 3152 253 3212 tomellus,
276 3153 318 3200 sed
332 3152 418 3200 latinae
432 3152 525 3209 linguae
550 3161 612 3210 usus,
628 3160 702 3208 quum
720 3145 856 3196 huiuamodi
867 3147 969 3194 oeeurrtt
991 3158 1047 3208 rou,

122 3220 189 3265 duint
203 3221 290 3266 mavult
304 3232 373 3278 uuam
388 3221 463 3264 domo.

153 3287 184 3344 (l)
205 3288 268 3335 flauo
291 3289 408 3335 aeutomla
423 3287 517 3346 penitus
531 3285 609 3331 animo
633 3283 750 3330 insidebat
769 3281 869 3330 corneltl
891 3284 916 3329 at
937 3283 1047 3329 omnium

122 3355 248 3411 augustens
263 3355 344 3401 antuus
368 3354 531 3413 Romanorum,
546 3354 589 3410 qul
605 3353 639 3399 tot
653 3351 755 3397 etvltlum
773 3348 889 3397 hellurum
903 3349 1046 3399 eduntote·

122 3424 146 3470 et
157 3421 240 3469 lunera
255 3422 332 3468 emant
342 3423 440 3481 experti.

153 3489 185 3546 (2)
200 3487 365 3547 intelligam,
381 3489 422 3545 qut
436 3488 491 3534 suut
506 3487 530 3532 iu
541 3485 639 3532 historia
653 3484 744 3531 vassall.
