2452 3938
78 301 136 365 que
155 279 264 346 nostris
281 280 414 343 moribus
433 290 502 344 sunt
523 280 643 357 decora,
662 299 739 362 quae
754 279 831 362 apud
844 279 910 341 illos
933 286 998 341 tur-

79 381 127 461 pia
153 387 307 460 putantur.
327 375 420 450 Quem
448 377 528 439 enim
550 377 751 439 Romanorum
769 377 860 458 pudet
877 370 998 437 uxorem

79 475 189 540 ducere
201 475 232 538 in
252 474 435 536 conuiuium‘.l
456 485 507 537 ant
526 473 610 536 cuius
624 458 847 536 materfamilias
865 491 925 534 non
936 473 999 553 pri·

81 591 162 635 mum
181 573 279 634 locum
296 579 376 633 tenet
394 572 525 649 aedium,
551 580 639 651 atque
661 570 693 632 in
711 568 883 632 celebritate
899 585 1000 630 versa-

83 669 144 732 tur?
161 665 246 739 Quod
266 668 359 729 multo
387 667 420 728 lit
438 667 524 730 aliter
548 666 579 729 in
597 665 739 730 Graecia:
759 683 829 728 nam
851 683 948 746 neque
970 665 999 726 in

79 764 247 829 convivium
266 763 434 841 adhibetur,
451 763 508 826 nisi
531 763 777 845 propinquorum
793 780 891 844 neque
906 761 1001 837 sedet,

20 876 21 880 ’
81 862 139 925 nisi
157 861 299 924 interiore
316 869 398 940 parte
416 860 549 937 aedium,
567 878 645 941 quae
661 859 862 940 gynaeconitis
879 858 927 939 (l)
946 877 1003 938 np-

82 959 221 1040 pellatur,
241 976 299 1039 quo
319 975 407 1018 nemo
426 957 551 1030 accedit,
570 956 627 1018 nisi
645 955 812 1037 propinqua
829 955 1004 1034 cognatione

83 1055 271 1118 coniunctus.
286 1051 342 1116 Sed
358 1053 443 1135 plura
454 1054 605 1135 persequi,
621 1061 683 1116 tum
700 1053 870 1130 magnitudo
888 1052 936 1134 (ἓ)
950 1070 1004 1114 ro-

84 1151 206 1214 luminis
223 1150 373 1233 prohibet,
392 1158 454 1212 tum
473 1150 635 1226 festinatio,
654 1158 688 1211 ut
709 1168 743 1211 ea
765 1149 907 1231 explicem
929 1166 1005 1230 quae

85 1267 206 1312 exorsus
224 1267 302 1311 sum.
320 1244 415 1319 Quare
428 1247 463 1309 ad
478 1246 660 1329 propositum
678 1247 843 1323 veniemus,
859 1255 888 1308 et
906 1245 938 1308 in
950 1245 1006 1308 hoo

88 1364 270 1429 exponemus
287 1344 363 1407 libro
383 1344 456 1407 vitas
470 1343 676 1407 excellentium
695 1343 921 1424 imperatorum.

88 1547 112 1591 ln
127 1558 198 1592 scena
218 1558 300 1606 agere,
316 1547 357 1603 qui
371 1547 505 1606 scripserat,
521 1547 581 1591 adeo
596 1557 645 1591 non
660 1545 713 1590 tulit
726 1545 850 1605 iniuriam,
865 1546 892 1591 ut
905 1544 969 1591 huno
984 1545 1008 1589 ln

86 1615 206 1659 caesarem
218 1624 310 1658 versum
321 1614 419 1659 iaceret:

262 1679 459 1738 introeuntes.
476 1678 606 1726 libertatem
621 1678 774 1739 perdidimus,

88 1751 159 1806 atque
174 1748 208 1794 lta
223 1749 344 1806 tyrannum
358 1745 423 1793 haud
434 1746 509 1794 dubie
520 1747 655 1806 appellaret.

119 1814 150 1874 (l)
164 1815 207 1862 Aut
219 1824 366 1872 gynaeceum,
381 1826 464 1872 greces
479 1825 545 1872 voce,
561 1825 575 1858 a
591 1819 660 1877 γυνή,
679 1813 739 1878 istc,
757 1813 856 1864 mutter.-
871 1811 1011 1860 subauditur

93 1873 191 1938 Ιῖκημα,
207 1884 365 1934 esculentum,-
379 1884 515 1942 punitionem
527 1883 606 1928 autem
618 1892 669 1927 eam
681 1881 773 1927 sedium
787 1881 878 1940 partem
887 1880 1011 1939 significet,

92 1951 114 1995 ln
130 1961 177 2008 qun
191 1951 288 2010 Graeci,
310 1951 331 1997 si
350 1952 427 1997 tannen
451 1951 646 1997 Lacedaemonios
662 1949 778 2008 excipias,
800 1958 883 1994 uxores
905 1949 1011 2004 tiliaeque

93 2018 245 2064 adservarent

121 2085 152 2143 (2)
164 2086 268 2144 intellige
283 2087 399 2132 medeam
412 2083 745 2149 voluminispnrgnitudinem,
761 2084 848 2141 inquo
862 2085 921 2129 vitas
935 2083 1013 2128 excel·

94 2155 189 2201 lentium
199 2155 303 2202 virorum
313 2155 468 2214 complurium
482 2151 621 2198 concludere
632 2152 762 2212 constituit,
778 2164 878 2210 quorum
889 2150 1014 2210 separatim

95 2223 171 2269 multis
188 2222 288 2269 millibus
302 2233 408 2269 versuum
425 2221 554 2278 complures
574 2220 697 2279 scriptores
716 2220 771 2265 ante
785 2231 840 2265 eum
860 2217 1013 2277 explicarunt

40 2340 43 2347 ,
96 2291 156 2336 llccc
166 2288 222 2336 eunt
232 2289 283 2335 elus
298 2288 369 2335 verim
383 2289 409 2334 ln
424 2288 471 2334 vita
478 2286 659 2347 Epaminondae,
675 2298 695 2332 c.
712 2298 742 2333 rr.
