2452 3938
221 241 280 303 rot
500 255 614 302 aarum
630 255 752 301 renerus
765 255 841 301 caro

218 350 324 413 horum
346 348 491 413 bellorum
509 348 600 411 duces
622 367 681 409 non
704 347 876 424 nominavit,
891 347 943 410 sed
959 347 1023 410 sine
1035 348 1133 411 nomi·

167 436 177 457 ”
218 447 307 509 nibus
328 465 375 509 res
393 445 513 509 notarit.
545 444 578 506 ln
595 443 700 506 iisdem
721 443 867 524 exposuit,
891 463 966 525 quae
995 445 1027 507 in
1048 444 1133 509 ltalia

176 576 180 583 ·
217 542 425 626 Hispaniisque
441 542 611 604 viderentur
636 540 818 604 admiranda.
833 540 875 603 ln
904 541 1012 623 quihus
1041 544 1135 606 multa

217 640 362 702 industria
385 637 588 717 etdiligentia
612 646 784 719 comparet,
809 639 901 701 multa
922 638 1130 720 doetrina(l).

216 735 310 798 Huius
329 734 440 797 devita
464 742 494 797 et
516 733 647 798 moribus
665 733 749 816 plura
773 735 805 797 in
827 753 862 798 eo
880 733 955 797 libro
983 736 1133 816 persecuti

216 851 330 911 sumus,
354 850 442 913 quem
470 831 628 913 separatim
646 831 682 894 de
712 850 748 893 eo
772 830 913 913 fecimus,
936 842 1041 908 rogatu
1072 831 1132 894 Titi

214 926 372 1009 Pomponii
388 927 487 990 Attici.
507 927 604 1001 Quare
623 929 768 992 studiosos
785 927 903 991 Catonis
922 927 959 990 ad
975 928 1049 989 illud
1075 947 1131 991 vc·

214 1023 316 1088 lumen
333 1025 567 1107 delegamusffll.

623 1321 712 1394 xxi.

315 1523 456 1603 TITUS
482 1523 767 1604 POMPONIUS
792 1523 1009 1624 ATTIGUS.

130 1865 189 1910 pc,
249 1834 273 1897 Ι.
301 1833 384 1898 Titus
407 1834 588 1917 Pomponius
615 1836 728 1899 Atticus
740 1837 799 1918 (3),
819 1836 855 1899 ab
883 1836 996 1916 origine
1017 1812 1125 1902 ultima

129 1919 307 2013 ¹·¹⁰⁹stirpis
331 1951 471 1995 romanae
500 1944 656 2010 generatus
669 1934 729 2015 (d),
749 1944 890 2016 perpetuo
915 1954 933 1997 a
959 1934 1124 1999 maioribus

205 2039 355 2110 acceptam
374 2040 539 2111 equestrem
556 2031 683 2093 obtinuit
694 2030 866 2110 dignitatem
879 2031 938 2112 (5).
951 2030 1037 2093 Patre
1048 2051 1123 2096 usus

203 2136 249 2192 cst
266 2127 416 2205 diligente,
440 2127 623 2205 indulgente,
643 2136 684 2205 et,
708 2137 825 2191 uttam
853 2136 937 2190 erant
967 2138 1120 2209 tempora,

203 2226 256 2289 diti
268 2272 277 2303 ,
289 2225 320 2287 in
339 2224 502 2305 primisque
524 2224 656 2287 studioso
680 2225 854 2287 litterarum.
870 2222 935 2302 Hic,
954 2234 1042 2306 prout
1056 2225 1122 2307 ipse

203 2321 322 2383 amabat
345 2322 479 2397 litteras,
499 2321 638 2384 omnihus
673 2321 836 2398 doctrinis,
860 2320 968 2402 quibus
997 2323 1121 2403 puerilis

202 2427 284 2480 aetas
302 2418 446 2498 impertiri
468 2417 566 2494 debet,
588 2418 845 2481 fitiumrerudivit.
864 2419 935 2480 Erat
960 2429 1059 2482 autem
1087 2421 1120 2482 in

202 2532 306 2595 puero,
318 2524 435 2595 praeter
453 2513 632 2575 docilitatem
650 2515 773 2593 ingenii,
787 2533 904 2577 summa
918 2516 1046 2578 suavitas
1058 2519 1120 2582 oris

201 2629 236 2672 ac
257 2610 358 2688 vocis;
381 2618 414 2672 ut
436 2618 500 2671 nou'
517 2610 613 2672 solum
635 2610 770 2673 celeriter
785 2611 939 2691 arriperet,
959 2630 1035 2693 quae
1053 2620 1118 2676 tra·

201 2706 361 2784 dabantur,
376 2706 428 2768 sed
440 2706 529 2768 etiam
552 2706 729 2769 excellenter
755 2709 980 2788 pronunciaret:
997 2726 1063 2791 qua
1081 2729 1118 2773 ex

200 2823 233 2868 re
250 2805 281 2865 in
303 2805 429 2886 pueritia
451 2803 559 2866 nobilis
585 2804 663 2868 inter
688 2805 827 2886 aequales
849 2805 1020 2878 serebatur,
1050 2806 1116 2868 cla-

200 3003 236 3047 tor
250 3012 295 3046 xxx
306 3000 466 3046 Lusitanorum
478 2999 549 3045 millia
563 2998 659 3058 pertidia
672 2997 807 3059 trucidavit,
824 2999 888 3057 quod
903 3001 983 3057 aperta
998 2997 1114 3057 viperam

198 3071 278 3116 eontra
292 3081 332 3115 eos
343 3069 456 3128 prolicere
472 3069 595 3114 videretur.

98 3133 109 3157 ’·’
174 3143 176 3147 ”
228 3138 258 3194 tlt
270 3138 295 3182 lii
311 3138 403 3184 Catonis
416 3136 657 3194 libripractcrpauea
665 3132 1043 3191 iragmentanunedesiderautnr.

227 3205 256 3260 t2t
267 3205 335 3262 Quod
343 3206 451 3264 temporis
460 3205 545 3249 iniuria
556 3203 624 3262 periit
634 3204 724 3262 praeter
735 3202 891 3260 fragmentum
903 3201 934 3262 (v.
943 3203 967 3247 l.
978 3199 1036 3246 (leil.
1045 3199 1071 3260 rl,
1080 3199 1121 3259 ⁸i··

227 3272 257 3332 (ὅ)
270 3275 302 3318 iic
318 3275 363 3319 lroc
378 3273 516 3330 cognomine
531 3270 560 3316 ct.
573 3271 652 3320 adnot.
668 3269 699 3315 ad
714 3270 785 3329 praei.
797 3271 897 3330 Nepotis.

226 3341 258 3394 (t)
272 3341 329 3386 Nam
343 3342 374 3392 ud
386 3343 480 3387 Numam
496 3340 642 3398 Pompilium,
658 3340 780 3400 Pomponii
793 3338 819 3397 t,
833 3338 945 3394 originem
959 3333 1081 3382 referebat.

226 3406 256 3466 (ὁ)
267 3407 321 3452 Erat
336 3411 440 3466 equitum
455 3408 512 3454 ordo
528 3407 616 3453 medius
627 3407 689 3454 inter
704 3409 780 3455 Patres
794 3408 818 3454 et
832 3402 1058 3462 rienen31mignta
1072 3413 1117 3448 ou·

190 3485 245 3521 rum
260 3487 334 3534 equus
348 3477 441 3536 publice
457 3476 525 3523 dulus
540 3478 563 3522 et
579 3475 679 3524 annulus
693 3488 785 3524 amaus.
