2452 3938
471 232 619 278 niuurnnn
833 202 836 207 ’
950 223 1009 286 159

82 321 184 384 datum
204 327 267 382 erat
285 320 419 401 muneri;
435 322 527 404 idque
544 324 587 386 sio
602 324 791 404 aedificarat,
810 335 844 390 ut
858 328 889 391 in
909 335 1007 397 omni-

82 419 139 482 bns
161 417 296 499 partibus
314 418 442 481 aedificii
460 420 570 482 exitum
591 421 649 483 sibi
668 421 812 502 haberet,
828 443 946 509 semper
960 430 1028 493 re·'

80 535 168 592 rens,
189 533 226 577 ne
249 534 306 579 usu
322 517 471 593 eveniret,
492 517 571 597 quod
590 517 708 581 accidit.
736 519 799 583 Huc
827 541 895 586 cum
921 526 1009 605 legati

82 612 284 675 Rornanorum
296 613 462 691 venissent,
481 632 515 676 ac
533 615 723 679 multitudine
741 617 863 681 domum
877 621 942 685 eius
953 624 1011 687 cir·

62 711 324 788 comedissent,
343 730 419 793 puer
430 756 439 788 ,
460 711 497 773 ab
515 711 606 775 ianua
624 715 828 797 prospiciens,
847 716 1009 782 Hannibali

82 811 156 873 dixit
174 810 274 890 plures
292 818 411 891 praeter
429 810 675 873 consuetudinem
700 821 830 877 armatos
850 833 1006 896 apparere.

83 908 139 981 Qui
155 906 311 988 imperarit
328 907 375 982 ei,
391 915 424 969 ut
444 925 548 970 omnes
566 907 644 971 iores
669 910 797 973 aedificii
823 911 1007 992 circumiret,

83 1028 118 1071 ac
134 1023 260 1089 propere
278 1003 335 1066 sibi
352 1005 548 1082 renuntiaret,
562 1025 634 1068 num
648 1008 753 1071 eodem
767 1009 855 1071 modo
875 1010 1008 1091 undique

84 1104 281 1171 obsideretur.
301 1101 379 1165 Puer
400 1120 468 1164 curn
486 1103 623 1166 celeriter
646 1104 717 1185 quid
741 1115 819 1168 esset
836 1107 1008 1169 renuntias-

83 1212 148 1280 set,
167 1218 329 1282 omnesque
361 1200 456 1262 exitus
484 1208 643 1282 occupatos
671 1203 873 1280 ostendisset,
896 1205 1007 1280 sensit,

83 1298 115 1360 id
132 1317 192 1360 non
210 1297 331 1359 fortuito
345 1297 468 1373 lactum,
484 1297 536 1360 sed
550 1316 582 1360 se
600 1298 660 1379 peti
674 1298 733 1379 (l),
752 1318 850 1380 neque
868 1300 926 1362 sihi
945 1301 1011 1362 diu·

44 1415 48 1424 ·
86 1397 145 1459 tius
163 1397 252 1456 vitam
272 1413 338 1458 esse
355 1394 555 1457 retinendam.
585 1393 680 1467 Quam
699 1415 737 1459 ne
755 1397 853 1461 alieno
887 1397 1010 1460 arbitrio

86 1493 248 1556 dimitteret
258 1493 318 1574 (2),
338 1511 454 1556 memor
464 1493 657 1574 pristinarum
669 1494 832 1572 virtutum,
849 1513 1009 1573 venenum,

87 1592 167 1674 qnod
188 1608 305 1672 semper
322 1609 424 1653 secum
447 1590 559 1654 habere
577 1601 782 1670 consueuerat,
802 1593 921 1656 sumsit.

127 1686 204 1749 lllll.
223 1686 273 1750 Sic
284 1687 329 1749 vir
341 1686 534 1764 fortissimus,
551 1689 651 1750 multis
669 1689 817 1770 variisque
836 1690 1040 1774 perfunctus,
1052 1729 1093 1775 ,32

86 1784 251 1860 laboribus,
275 1802 353 1845 anno
371 1784 520 1864 acquievit
541 1787 770 1863 septuagesimo.
802 1784 917 1857 Quibus
936 1806 1009 1849 con-

89 1882 205 1945 sulibus
223 1880 388 1957 interierit,
407 1899 468 1942 non
493 1881 642 1943 convenit.
671 1880 805 1962 Namque
822 1882 937 1946 Atticus
950 1885 1010 1965 (3),

87 1977 184 2041 llarco
203 1968 327 2041 Claudio
343 1975 480 2039 Marcello
503 1986 533 2039 et
550 1976 659 2049 Quinto
677 1978 769 2040 Fabio
787 1977 927 2043 Labeone
943 1999 1012 2043 con·

88 2076 204 2143 solibus
220 2077 280 2159 (i),
296 2085 448 2138 mortuum
465 2076 496 2137 iu
514 2075 631 2139 Annali
648 2094 702 2137 suo
716 2078 861 2159 scripturn
876 2078 1009 2160 reliquit;

89 2188 119 2241 at
137 2174 271 2238 Polibins
282 2174 343 2256 (5),
361 2172 453 2237 Lucio
471 2172 598 2236 Aemilio
614 2172 717 2269 Papllo
738 2184 767 2237 et
785 2174 875 2238 Gneio
901 2175 1011 2240 baebio

89 2272 245 2355 Tamphilo
262 2274 322 2355 (6);
341 2271 491 2354 Sulpicius
519 2281 631 2351 autem,
660 2270 767 2335 Publio
791 2272 926 2337 Cornelio
954 2274 1012 2339 Ce-

92 2375 177 2452 thego
193 2381 222 2434 et
238 2370 334 2433 llarco
353 2369 463 2433 baebio
483 2370 638 2453 Tamphilo
652 2371 712 2453 (i).
728 2371 825 2453 Atque
845 2372 893 2434 hic
913 2382 1012 2436 tantus

90 2473 155 2550 vir,
173 2471 321 2553 tantisque
339 2470 426 2534 bellis
445 2469 618 2547 districtus,
638 2469 774 2532 nonnihil
802 2470 942 2553 temporis
963 2472 1014 2533 tri·

120 2648 152 2704 tl)
166 2646 232 2705 illud,
247 2645 311 2704 quod
326 2645 447 2692 insolitum
462 2646 531 2705 esset,
543 2643 573 2689 ad
587 2647 748 2703 sepertinere.

120 2717 150 2776 (2)
165 2715 233 2774 Quod
243 2716 320 2760 minus
335 2713 462 2760 honestum
477 2717 538 2760 esset
549 2725 577 2760 ex
591 2716 696 2760 veterum
710 2715 835 2774 sententia,
851 2714 938 2772 quibus
961 2726 1014 2771 ger·

92 2796 159 2831 mana
173 2784 286 2843 sapientia
301 2783 404 2828 nondum
418 2782 532 2829 illuxerat
549 2783 619 2830 Nobis
634 2782 766 2830 christianis
785 2786 854 2829 ritum
877 2785 956 2830 nostro
976 2796 1013 2828 ar·

93 2851 162 2896 bitrio
176 2850 294 2910 deponere
307 2849 380 2897 netes.

122 2919 153 2975 (3)
163 2920 189 2964 Τ.
205 2919 345 2978 Pomponius
362 2918 458 2978 titicus,
474 2917 536 2963 inter
551 2918 602 2976 nim,
618 2916 648 2963 de
663 2917 749 2974 qulbus
764 2916 851 2962 videsis
873 2916 924 2962 elus
940 2917 1011 2962 vitam

94 2992 152 3044 trop.
167 2986 241 3044 xvrrl),
254 2987 351 3031 annulos
363 2985 539 3042 magistratuum
553 2996 704 3031 romanorum
718 2986 841 3043 scripserat
856 2995 897 3044 per
912 2995 957 3031 nce
969 2983 1015 3030 lor·

94 3065 129 3097 ute
145 3064 226 3098 unitos.
992 3058 995 3065 '

111 3123 155 3181 itt)
167 3119 228 3165 idest
241 3129 305 3164 anno
319 3120 374 3164 anis
385 3118 439 3166 Chr.
449 3122 498 3166 net.
512 3119 623 3167 ouxrxnl.

123 3191 153 3247 (ὅ)
165 3188 205 3232 llic
220 3185 385 3233 celeberrimus
398 3184 443 3232 luit
457 3185 568 3233 historiae
583 3189 691 3249 scriptor,
701 3189 768 3233 natus
783 3184 920 3244 Megalopoli
935 3187 959 3229 in
974 3187 1016 3231 lr-

95 3259 171 3317 rudia3
186 3257 280 3302 Romam
296 3255 419 3316 deductus,
442 3254 507 3312 quod
531 3257 610 3303 Persei
630 3257 699 3304 rebus
720 3254 862 3314 studuisset,
877 3258 1016 3311 praeceptor

95 3327 126 3373 bi
138 3326 254 3385 scipionis
265 3323 365 3372 Africani
379 3322 430 3371 luit.
446 3324 507 3370 obiit
521 3336 584 3371 enno
601 3328 656 3374 aule
676 3325 729 3374 chr.
743 3323 791 3370 uel.
807 3333 868 3369 cxix.

124 3395 154 3452 (6)
169 3395 230 3440 idest
243 3404 306 3438 enno
320 3393 375 3439 ante
390 3392 443 3441 Chr.
456 3394 502 3440 nat.
518 3395 619 3444 cnxxxrl.

123 3463 155 3521 (7)
171 3461 231 3507 idest
246 3472 309 3508 auno
319 3462 460 3520 insequenti.

213 3674 346 3745 cnam.
363 3675 537 3755 my..
