2452 3938
137 246 177 310 52
496 269 703 316 runnsrnuuus

137 368 270 438 perperat
291 360 433 440 fortuna„
464 362 568 443 partim
597 362 694 442 patria
717 360 920 444 expulissent,
951 362 1059 443 partim

134 457 363 536 interfecissent,
384 460 580 540 plurimorum
601 459 679 520 bona
698 459 849 540 publicata
863 459 942 522 inter
959 479 991 523 se
1010 460 1059 522 di·

132 555 282 632 visissent,
299 575 358 618 non
373 557 468 628 solum
480 557 629 639 princeps,
642 556 695 618 scd
710 565 740 620 et
753 557 834 618 solus
847 556 932 618 initio
946 556 1058 619 bellurn

134 653 181 716 his
202 653 318 715 indixit.
945 718 948 724 ,

173 749 211 812 ΙΙ.
231 748 285 813 Hic
300 751 393 829 enirn,
413 768 480 813 cunr
500 751 610 832 Phylen
632 750 824 830 confugisset,
841 750 920 832 quqd
936 760 982 814 est
1005 770 1058 814 ca-

130 848 249 910 stellum
264 846 300 908 in
317 847 413 909 Attica
433 848 685 924 munitissimum,
711 866 772 909 non
791 848 858 928 plus
881 846 987 910 habuit
1006 866 1057 909 se-

130 963 197 1008 cum
217 963 305 1026 quarn
325 945 445 1023 triginta
471 945 508 1008 de
531 945 605 1007 suis.
632 943 694 1006 lloc
723 944 843 1007 initium
868 945 925 1006 fuit
950 945 1056 1007 salutis

128 1041 311 1118 Atticorum,
321 1042 377 1104 hoc
388 1041 480 1106 robur
491 1042 636 1111 libertatis
651 1041 834 1104 clarissimae
846 1041 986 1104 civitatis.
999 1040 1057 1104 Ne·

115 1156 187 1221 ¹que
204 1158 272 1201 vero
290 1138 338 1200 hic
356 1158 415 1202 non
435 1149 623 1220 contemptus
639 1146 685 1201 est
698 1139 795 1220 primo
815 1158 832 1200 a
847 1139 994 1220 tyrannis,
1010 1147 1055 1200 at·

128 1254 186 1316 quc
204 1235 269 1298 eius
287 1236 427 1299 solitudo.
441 1235 522 1309 Quae
535 1236 656 1318 quidem
674 1254 721 1297 res
736 1242 766 1296 et
783 1235 842 1296 illis
860 1243 1055 1297 contemnen-

127 1332 207 1395 tibus
225 1334 382 1414 perniciei,
402 1343 431 1395 et
442 1334 511 1395 huic
528 1334 680 1414 despecto,
695 1332 783 1394 saluti
795 1331 862 1394 luit.
874 1330 958 1394 *Haec
973 1331 1053 1395 enim

126 1429 193 1493 iilos
209 1431 248 1493 ad
265 1430 505 1511 persequendum
521 1448 637 1507 segnes,
659 1430 714 1491 tros
732 1437 844 1504 autem,
865 1420 1001 1510 tempore
1017 1430 1054 1491 ad

126 1527 360 1607 comparandum
372 1526 461 1601 dato,
480 1527 551 1606 iecit
564 1525 759 1588 robustiores.
777 1524 840 1598 Quo
856 1525 951 1602 magis
968 1544 1070 1607 prae.

126 1631 244 1703 ceptum
263 1623 335 1685 illud
356 1623 489 1685 omnium
508 1623 539 1684 iu
559 1623 667 1684 animis
689 1638 754 1685 esse
777 1622 887 1697 debet:
907 1623 994 1688 Ntttt
1020 1625 1054 1687 in

125 1720 196 1782 bello
214 1729 347 1800 oportere
366 1721 533 1784 contemni:
552 1739 606 1782 nec
624 1721 689 1783 sine
712 1739 801 1782 causa
819 1719 899 1782 dici:
923 1722 1054 1786 Matrem

124 1818 222 1881 timidi
234 1818 287 1898 (t)
306 1817 379 1898 flere
396 1837 457 1880 non
472 1819 576 1881 solere.
596 1816 697 1898 Neque
716 1826 815 1879 tamen
837 1835 891 1898 pro
910 1817 1053 1897 opinione

124 1913 299 1996 Thrasybuli
318 1923 423 1977 auctae
441 1923 511 1977 sunt
529 1934 616 1996 opes:
636 1934 705 1976 nam
725 1915 785 1976 iam
805 1923 867 1976 turn
893 1913 955 1976 illis
973 1923 1052 1977 tem·

125 2011 249 2093 poribus
267 2011 374 2074 fortius
392 2010 463 2074 boni
487 2031 540 2093 pro
558 2012 704 2074 libertate·
718 2011 940 2092 loquebantur,
961 2031 1050 2093 quam

124 2110 296 2189 pugnabant
310 2110 370 2191 (2).
394 2108 470 2171 Hinc
483 2109 515 2171 in
526 2107 681 2171 Piraeeum
700 2109 828 2185 transiit,
844 2107 1052 2188 Munychiam-

124 2225 182 2287 que
200 2207 337 2270 munivit.
351 2194 441 2269 ‘Hanc
457 2207 502 2268 bis
522 2205 639 2287 tyranni
663 2223 834 2286 oppugnare
852 2213 922 2266 sunt
941 2205 1050 2285 adorti:¹

124 2302 162 2364 ab
180 2322 275 2385 eaque
294 2305 420 2385 turpiter
435 2304 578 2385 ¹repulsi,
599 2303 736 2384 protinus
754 2301 786 2363 iu
814 2301 939 2378 urbem,
960 2302 1052 2364 armis

123 2399 406 2499 impqdimeutisque
423 2400 552 2475 amissis,
574 2401 757 2477 refugerunt.
774 2395 850 2460 Usus
868 2406 912 2459 est
924 2396 1052 2480 Thrasy·

123 2496 213 2559 bulus
238 2516 298 2560 non
317 2497 417 2558 minus
442 2497 620 2577 prudentia,
651 2514 739 2577 quarn
764 2494 949 2557 fortitudine.
975 2495 1049 2557 Nam

123 2593 262 2655 cedentes
290 2593 394 2654 violari
423 2593 537 2677 vetuit:
567 2594 645 2654 cives
676 2592 755 2654 enim
786 2591 901 2653 civibus
927 2610 1049 2673 parcere

123 2709 252 2772 aequum
270 2690 421 2752 censebat.
438 2689 539 2772 Neque
551 2689 709 2771 quisquam
728 2698 773 2751 est
787 2689 972 2766 vulneratus,
991 2689 1048 2751 nisi

123 2788 174 2870 qui
193 2787 274 2869 prior
291 2787 466 2869 impugnare
488 2788 591 2849 voluit:
611 2784 767 2848 Neminem
794 2785 941 2847 iacentem
967 2794 1048 2848 veste

123 2884 277 2967 spoliarit:
297 2885 340 2947 nil
355 2883 474 2963 attigit,
493 2884 552 2946 nisi
570 2902 671 2960 arma,
692 2900 818 2963 quorum
837 2881 1001 2959 indigebat,
1018 2891 1047 2945 et

123 3001 200 3065 quae
217 2984 254 3047 ad
269 2982 378 3047 rictum
397 2981 599 3064 pertinebant.
615 2980 649 3043 lu
666 2980 797 3043 meando
811 2979 924 3060 proelio
939 2979 1048 3041 cecidit

152 3213 184 3272 (tl
203 3214 316 3272 Intelligc,
330 3210 467 3273 prudentis,
483 3213 526 3269 qui
547 3212 598 3270 ntl,
619 3209 686 3268 quod
707 3207 754 3254 sibl
776 3218 863 3252 nocere
878 3216 946 3265 posse
961 3205 1047 3263 putet,

122 3293 263 3340 quamquam
273 3283 335 3338 parvi
350 3282 470 3336 momenti,
486 3279 621 3325 contemnit.

154 3349 184 3404 (2)
200 3348 357 3393 Romanorum
373 3337 505 3404 aequalium
520 3347 636 3401 ignaviam
651 3344 674 3389 et
698 3342 803 3388 senatum
817 3349 936 3384 sorvorum
950 3348 1045 3394 gregem

123 3415 277 3474 perstringere
287 3413 390 3472 videtum
406 3424 453 3459 uon
469 3415 531 3458 enim
547 3414 617 3457 morto
628 3411 664 3456 cst
673 3409 773 3456 cornelii
784 3409 870 3454 temere
880 3406 1008 3453 sententies
1020 3404 1046 3449 iu

120 3480 194 3528 rebus
207 3483 289 3527 allento
298 3481 421 3527 narrandis
431 3481 572 3526 interserere.
