2452 3938
198 221 238 284 ol
555 236 768 285 renueremus.

197 330 265 405 ille,
286 325 336 409 qui
360 337 473 409 septem
498 329 672 410 sapientum
696 331 743 412 (l)
766 350 891 394 numero
920 331 1123 411 esthabere,

197 444 264 488 cum
284 425 311 486 ei
329 423 493 506 Mitylenaei
512 427 605 488 multa
631 427 723 490 millia
750 428 885 507 iugerum
912 430 977 509 agri
1005 433 1125 492 muneri

198 521 312 583 darent:
326 521 435 597 Nolite,
449 539 501 585 oro
510 540 571 599 uos,
583 522 693 604 inquit,
713 524 747 587 id
756 526 831 587 milti
845 525 928 603 dore,
945 527 1023 605 quod
1035 529 1126 590 multi

99 669 101 672 Α
196 617 371 694 invideant,
392 617 492 696 plnres
520 619 609 680 elium
634 621 858 701 concupiscunt:
883 641 975 702 quere
997 610 1046 685 em*
1059 623 1125 686 tetis

196 714 264 775 uolo
282 713 409 793 emplius
419 730 507 793 qoam
517 723 634 778 senium
647 717 768 796 iuperm
782 735 855 798 quoe
873 728 900 781 et
914 737 1011 782 meum
1029 721 1126 783 enimi

197 809 371 888 aequitatem
390 819 418 872 et
433 818 559 874 oestrum
576 812 755 883 uoluntatem
768 814 913 877 indicent.
934 815 1013 882 Nom
1027 833 1125 895 poree

197 923 341 982 munero,
359 908 479 970 diutino
488 931 503 982 ;
520 909 691 988 locupletia,
708 928 770 972 non
778 913 905 991 propriu
923 911 970 992 (Ξ)
985 896 1126 976 νἐνεοοη-
1178 910 1182 917 “

196 1011 366 1067 sueverunt.
394 1003 448 1066 llla
474 1004 563 1084 igitur
592 1024 701 1068 corona
725 1015 882 1068 contentus
906 1006 1121 1090 Thrasybulus,

198 1085 296 1181 neque
314 1101 442 1183 amplius
459 1102 626 1184 requisivit,
647 1123 745 1186 neque
764 1123 944 1187 quemquem
959 1105 1074 1170 honore
1090 1126 1123 1171 se
1151 1116 1153 1122 ’

198 1199 392 1261 antecessisse
410 1200 599 1262 existimarit.
624 1198 677 1261 Hic
705 1201 841 1282 sequenti
869 1205 1024 1283 tempore,
1054 1222 1121 1267 cum

198 1303 317 1376 praetor
334 1297 458 1360 classem
478 1297 514 1359 ad
533 1295 666 1360 Ciliciam
683 1298 729 1378 (3)
742 1300 918 1380 appulisset,
939 1319 1036 1382 neque
1050 1303 1121 1364 setis

198 1393 356 1472 diligenter
371 1393 402 1455 in
429 1395 533 1457 cestris
557 1395 621 1456 eius
640 1407 799 1472 agerentur
822 1397 956 1476 vigiliae,
975 1417 993 1459 a
1011 1395 1121 1461 harba-

198 1491 240 1552 ris
256 1491 316 1571 (l),
331 1509 366 1551 ex
377 1489 485 1571 oppido
501 1499 590 1552 noctu
604 1490 759 1571 eruptione
774 1492 864 1569 lacte,
881 1493 913 1555 in
929 1493 1121 1557 tabernaculo

120 1588 371 1664 „590interiectus
393 1594 448 1648 esi.

198 1788 266 1834 vibus
280 1787 397 1848 sallslecil,
412 1788 439 1834 ut
454 1800 527 1845 quum
539 1789 583 1834 slbl
604 1789 771 1848 magistratum,
786 1789 882 1834 firmatis
897 1787 968 1836 rebus
982 1789 1123 1854 abrogasset,

199 1858 256 1915 grati
280 1857 353 1902 enimi
367 1869 424 1914 ergo
443 1857 507 1905 illum
525 1870 554 1902 eo
574 1858 678 1916 praemio
693 1855 783 1902 afficere
799 1856 897 1917 vellent,
914 1857 942 1903 de
958 1870 1007 1916 quo
1023 1858 1063 1906 liic
1073 1872 1123 1907 ser·

201 1938 240 1972 mo
251 1929 294 1972 est.

232 1996 261 2055 (l)
277 1995 350 2041 Fuere
365 1994 391 2040 hl
406 1993 495 2048 nobiles
510 2004 594 2053 pereo
611 1994 715 2050 tempora
730 1992 815 2038 virtute
831 1993 854 2038 et
868 1992 980 2052 supientia
996 1995 1049 2054 riri,
1065 2006 1124 2053 quo·

201 2075 255 2109 rum
267 2065 403 2122 praeclarae
412 2061 526 2119 quaedem
537 2062 665 2106 sententiae
680 2060 778 2118 posteris
792 2059 967 2108 commendatae
982 2063 1044 2108 suut
1058 2063 1124 2108 Solo·

202 2133 241 2176 nis
256 2130 398 2177 atheniensis
414 2129 473 2175 illud
486 2127 543 2174 lull:
560 2127 603 2196 ὅρα
619 2130 682 2176 relos
697 2148 706 2159 ·
723 2126 815 2183 Respice
828 2125 907 2182 finem.
925 2125 1027 2176 Thaletis
1042 2130 1125 2177 lllllesil

203 2190 282 2254 ἐγγύα,
294 2194 390 2259 πάρεστι
407 2187 473 2245 δ’ἆτη
485 2220 497 2231 ·
511 2198 604 2256 monde,
617 2207 689 2253 prope
703 2199 736 2239 eet
749 2195 873 2244 domnum:
886 2193 988 2241 chilonis
1002 2197 1124 2244 lacaedee·

202 2269 273 2314 monii
287 2259 360 2308 Γνῶθι
377 2261 458 2305 σαυτὸν
476 2287 485 2298 -
501 2277 567 2309 nosce
578 2269 598 2308 te
616 2267 708 2320 ipsum,-
726 2262 806 2307 Pittaci
818 2261 946 2320 Mitylenaei
961 2260 1039 2323 κᾳιρόν
1057 2259 1125 2318 γνῶθι

204 2360 214 2371 -
226 2337 342 2381 nuecelone
350 2337 422 2381 utere,-
432 2332 518 2377 Biantis
528 2331 657 2389 prienensls
669 2331 763 2389 (ioniae)
774 2330 797 2378 ot
808 2331 908 2378 πλεῖστοι
923 2335 1006 2378 aunol-
1020 2331 1126 2391 Plerique

203 2403 260 2447 muti
274 2405 342 2450 mut,-
357 2398 461 2446 (ileobuli
477 2398 546 2444 lindil
561 2394 660 2451 (insulae
680 2395 762 2452 lihodll
775 2395 867 2464 ἄριστον
878 2399 962 2464 μέτρον
977 2421 989 2432 ·
1000 2398 1083 2444 Medae
1093 2404 1126 2445 est

120 2492 127 2505 =
202 2474 318 2528 optimus,-
333 2467 449 2513 Perlundri
465 2465 574 2511 corinthii
590 2467 674 2526 μελέτη
690 2470 717 2512 τὸ
729 2470 773 2513 πᾶν
788 2488 797 2498 -
813 2466 892 2509 omniu
906 2465 1024 2510 industrio
1042 2468 1111 2524 fiunt.

235 2536 265 2594 (2)
277 2536 332 2582 Nem
347 2535 394 2580 cito
410 2533 545 2579 amilluntur
559 2533 628 2590 atque
640 2517 670 2576 ad
680 2533 738 2578 ellos
753 2532 884 2592 transeunt,
897 2534 994 2593 propter
1007 2535 1125 2594 invidiam,

202 2617 265 2665 quae
281 2605 308 2649 lis
322 2603 443 2649 inhaerere
457 2601 555 2646 murlme
570 2600 637 2645 solet.

218 2674 264 2730 iil
280 2673 344 2718 Asiae
358 2671 452 2715 minoris
467 2669 610 2727 provinciam
625 2667 684 2713 luter
695 2666 796 2712 montem
812 2667 930 2731 lunanum,
947 2669 1050 2715 montem
1064 2668 1125 2716 'lou-

203 2754 256 2788 rum
271 2742 295 2787 el
310 2751 373 2785 mare
396 2736 586 2784 Mediterraneum
604 2736 686 2781 contra
707 2735 808 2781 insulem
832 2735 912 2796 cypri3
936 2737 999 2783 illius
1023 2737 1126 2796 regionis

204 2813 295 2858 incolae
310 2809 430 2869 piraticum
444 2806 580 2865 plerumque
595 2803 740 2850 exercebant.

237 2882 267 2937 ll)
279 2878 311 2924 Ab
328 2876 456 2935 Aspendiis,
466 2875 533 2920 cuius
547 2874 665 2932 regionem
678 2883 751 2932 prope
766 2871 888 2930 Aspenden
904 2870 1017 2931 oppidum
1033 2870 1074 2929 lut
1083 2868 1140 2936 lle-4

205 2956 250 3006 pos
265 2946 346 2992 urbem
361 2942 477 3005 appellat)
495 2942 628 2987 intererat.
678 2959 681 2966 ·
1139 2944 1142 2953 ⁴
