2452 3938
486 276 641 322 urnrraoes
983 259 1022 321 ld

101 370 268 450 altitudine,
285 379 315 434 et
337 371 476 434 arborum
496 378 593 433 tractu
610 370 758 453 equitatus
774 370 903 433 hostium
923 371 1021 453 impe-

101 468 227 544 diretur,
247 487 284 531 ne
303 468 492 530 multitudine
517 467 736 529 clauderentur.
760 466 863 544 tiaris,
887 468 942 530 etsi
961 486 1021 529 non

101 567 199 628 locum
217 583 344 646 aequum
362 565 479 627 ridebat
496 564 570 641 suis,
591 573 701 641 tamen,
720 564 813 626 fretus
831 582 955 627 numero
975 583 1024 627 oo·

101 662 215 743 piarum
245 679 387 738 suarum,
411 661 569 740 confligere
599 662 760 742 cupiebat3
790 679 886 742 eoque
905 662 1020 741 magis,

100 758 191 838 quod,
223 757 395 839 priusquam
417 757 643 820 Lacedaemonii
663 758 710 838 (t)
725 757 857 820 subsidio
875 759 1021 837 venirent,

100 855 243 916 dimicare
271 854 344 916 utile
362 855 572 917 arbitrabatur.
592 853 696 936 Itaque
713 855 744 916 in
771 855 865 916 aciem
890 855 1021 936 peditum

101 960 232 1027 centum,
249 952 381 1032 equitum
402 952 503 1014 decem
527 951 621 1013 millia
642 951 790 1032 produxit,
814 952 1022 1034 proeliumque

100 1048 260 1111 commisit.
287 1048 321 1111 ln
338 1068 397 1130 quo
423 1057 504 1110 tanto
532 1050 598 1130 plus
625 1049 731 1110 virtute
748 1049 904 1111 valuerunt
929 1048 1022 1111 Athea

99 1146 239 1221 nieuses·‚
266 1156 299 1208 ut
316 1145 527 1228 decemplicem
543 1165 700 1209 numerum
726 1145 855 1207 hostium
881 1144 1022 1225 profliga-

99 1251 176 1319 rent;
196 1241 330 1323 adeoque
343 1252 578 1324 perterruerunt,
597 1252 630 1305 ut
643 1242 750 1304 Persae
767 1261 827 1304 non
842 1250 949 1318 eastra,
968 1243 1021 1306 sed

69 1360 73 1369 ·
101 1357 188 1401 naves
206 1347 350 1419 peterent.
364 1339 428 1412 Qua
445 1359 544 1421 pugna
563 1340 638 1401 nihil
649 1340 747 1404 adhuc
759 1348 802 1401 est
815 1338 944 1400 nobilius
958 1339 1049 1420 (hh,
1060 1365 1100 1408 ann

100 1436 180 1498 nulla
197 1436 277 1499 enim
290 1455 422 1517 unquam
435 1445 493 1500 tam
510 1438 614 1517 exigua
633 1455 737 1500 luanus
755 1446 850 1499 tantas
869 1454 940 1517 opes
952 1454 1019 1516 pro·

102 1534 213 1596 stravit.
616 1551 619 1557 ·

138 1629 188 1693 lll.
208 1629 298 1695 Cuius
315 1629 523 1693 uictoriaenon
537 1631 667 1694 alienum
685 1631 812 1707 ridetur,
826 1631 913 1711 quale
928 1648 1018 1711 prae·

97 1729 191 1790 mium
210 1727 332 1790 Miltiadi
351 1730 389 1791 sit
407 1729 563 1807 tributum,
583 1729 702 1806 docere,
722 1748 781 1811 quo
800 1728 917 1790 lucilius
934 1728 1019 1790 iutel-

102 1825 151 1903 ligi
167 1825 272 1906 possit,
285 1826 420 1890 eamdem
432 1827 563 1889 omnium
576 1827 727 1888 civitatum
740 1844 804 1888 esse
815 1833 964 1886 naturam.
980 1822 1017 1886 Ut

105 1921 183 1983 euim
210 1921 312 2002 populi
331 1923 423 1984 nostri
442 1923 569 1985 honores
588 1923 736 2005 quondam
761 1923 886 1983 *luerunt
910 1921 970 1982 rari
988 1929 1018 1983 et

104 2026 218 2096 tenues,
238 2018 275 2081 ob
288 2037 413 2100 eamque
430 2037 548 2081 causam
564 2019 696 2097 gloriosi,
718 2038 797 2081 nuno
815 2027 913 2080 autem
929 2017 1017 2078 effusi

100 2124 187 2195 atque
206 2115 343 2192 obsoleti;
363 2116 406 2177 sic
422 2116 492 2178 olim
509 2117 585 2196 apud
603 2116 799 2178 Athenienses
817 2115 910 2177 luisse
926 2132 1017 2193 repe·

101 2211 193 2272 rimus
212 2212 271 2292 (3).
291 2210 425 2292 Namque
439 2211 508 2274 huic
525 2211 659 2289 Miltiadi,
679 2213 729 2291 qui
747 2210 889 2288 Athenas,
906 2218 1016 2272 totam-

103 2325 159 2389 que
188 2306 342 2370 Graeciam
362 2309 516 2384 liberavit,
537 2309 603 2371 talis
630 2309 724 2372 honos
748 2308 874 2372 tributus
906 2314 963 2383 est,
987 2306 1018 2368 in

129 2494 159 2554 tlt
176 2497 221 2553 Qui
232 2498 367 2553 religionem
381 2497 503 2554 quamdam
520 2497 649 2557 atterentes,
662 2499 778 2555 negabant
789 2496 824 2543 ias
834 2510 884 2544 esse
894 2498 947 2555 sibi,
956 2509 1018 2542 ener-

100 2562 168 2609 citum
183 2563 290 2621 educere,
302 2567 426 2622 antequam
442 2566 595 2623 plenilunium
611 2568 676 2612 esset.
698 2567 797 2612 Peractis
817 2568 888 2622 igitur
899 2566 1016 2622 omnibus,

99 2643 147 2676 non
158 2633 293 2690 pugnatum,
306 2631 348 2677 sed
363 2636 483 2692 exceptum
498 2635 557 2679 laetu
572 2635 743 2680 Atheniensium
759 2637 862 2680 carmina
876 2635 904 2680 de
920 2635 1016 2679 victertu

100 2698 219 2745 advenere.

128 2767 158 2821 te)
175 2767 249 2811 Prima
264 2767 321 2812 haec
336 2767 398 2821 alea,
415 2778 461 2824 qua
476 2769 533 2813 vires
548 2780 601 2814 suas
612 2767 722 2815 adversus
740 2768 818 2814 Persas
841 2769 927 2828 experti
949 2768 1013 2816 sunt.

102 2832 160 2878 adeo
179 2834 320 2880 Graecorum
336 2838 424 2880 mentes
444 2835 541 2885 extulit.
557 2837 582 2879 ut
606 2838 641 2880 vel
662 2847 734 2893 quum
757 2836 842 2880 maiora
858 2837 948 2881 virtutis
963 2835 1017 2880 lael-

100 2911 157 2944 nora
177 2899 318 2959 edidissent,
342 2901 505 2947 Marathonem
530 2904 607 2947 tamma
642 2904 810 2961 memorarent,
836 2913 878 2959 per
903 2903 1018 2948 maratho·

100 2958 162 3002 niam
177 2970 280 3016 pugnam
294 2963 318 3005 et
329 2972 377 3019 eos,
394 2962 435 3017 qui
455 2962 488 3006 ibi
503 2963 667 3020 pugnaverant,
684 2962 798 3006 iurarent:
815 2960 897 3028 ἄνδρας
914 2961 1017 3019 dentque

98 3027 312 3088 Μαραθωνομάχους
335 3028 358 3071 in
374 3027 475 3074 medium
495 3027 615 3086 afferrent,
630 3030 823 3086 quotiescumque
846 3030 1016 3084 insequentium

100 3092 227 3148 temporum
243 3093 361 3148 ignaviam
372 3107 469 3153 arguere
485 3097 578 3142 vellent.

128 3159 157 3216 ιδ)
173 3158 227 3205 Altis
242 3159 331 3205 verbis:
345 3162 400 3206 dum
417 3164 476 3220 viget
492 3164 574 3221 populi
596 3162 633 3208 vel
653 3162 800 3222 reipublicae
818 3164 905 3225 vlrtus,
925 3165 1017 3223 statque

100 3226 145 3270 alte
160 3225 185 3269 lu
197 3226 245 3270 illis
259 3237 315 3270 suae
329 3226 444 3283 dignitatis
458 3230 547 3288 opinio,
565 3229 708 3288 privatorum
718 3231 814 3277 virtutes
829 3243 877 3276 non
893 3231 1017 3278 immodico

99 3292 253 3352 extolluntur,
268 3295 292 3339 et
313 3297 407 3356 parnis,
424 3296 592 3343 honestissimis
607 3299 683 3343 temen
698 3301 795 3357 propter
810 3300 933 3354 raritatem,
953 3311 1018 3358 prae·

99 3358 150 3404 miis
164 3359 316 3407 condecorari
331 3365 430 3408 manime
443 3363 525 3410 solent.
540 3367 597 3410 Cum
612 3375 667 3410 rero
682 3366 722 3411 illa
731 3366 868 3424 ›pauttuttm
883 3369 1019 3414 senescente

99 3426 200 3485 virtute,
222 3427 339 3484 diguitatis
353 3431 433 3489 opinio
448 3430 566 3490 deiecerit,
586 3434 609 3478 et
628 3433 785 3494 singulorum,
802 3436 839 3480 vel
853 3433 967 3493 honesta,
982 3437 1019 3480 ‘eet

97 3494 237 3554 impotentia
251 3494 354 3543 lacinora
373 3500 520 3546 commovent
535 3503 624 3547 animos
640 3502 795 3549 multitudinis
810 3504 888 3561 mugla,
900 3504 923 3548 et
939 3503 1017 3563 plebi,
