2452 3938
201 235 263 300 tto
578 250 737 299 ncosnnns

199 355 228 406 et
249 343 434 426 Aegyptum,
458 341 490 404 in
508 342 644 406 morbum
662 343 823 498 implifcitus
841 340 980 408 decessit.
993 339 1037 405 lbi
1052 340 1124 407 cuni

119 485 142 518 ,
152 439 307 519 marsici,
327 459 386 521 quo
408 437 544 520 Spartam
557 437 674 500 facilius
687 439 755 518 perf
753 457 817 501 erre
833 445 953 520 possent
967 438 1028 519 (l),
1041 439 1123 519 quod

199 535 257 597 mel
279 553 338 607 non
365 534 535 614 habebant,
560 552 630 599 cera
658 535 933 615 circumfuderunt,
962 542 1053 618 atque
1081 534 1125 600 itu

179 626 515 700 domumrctulerunt.
581 686 583 690 ,
1052 662 1054 667 ·

606 919 713 1010 xviri.
783 898 784 902 ‘

483 1110 818 1240 nn'nnnns.
907 1276 910 1282 .

233 1460 257 1524 I.
277 1461 438 1535 Eumenes,
463 1459 621 1521 candianus
629 1458 688 1540 (ἢ).
712 1457 807 1522 Huius
818 1459 844 1521 si
863 1442 963 1522 uirtuti
977 1479 1032 1542 par
1047 1459 1118 1525 data

191 1566 270 1621 essct
290 1559 420 1632 fortuna,
432 1574 492 1618 non
506 1556 556 1616 ille
570 1553 689 1636 quidem
709 1556 806 1618 maior
822 1557 938 1634 luisset,
955 1559 1006 1619 sed
1022 1558 1118 1623 multo

189 1653 347 1727 illustrior,
367 1661 457 1733 atque
479 1650 568 1714 etiam
595 1651 784 1714 honoratior:
812 1653 891 1734 quod
918 1656 1120 1733 magnosho-

190 1748 286 1810 mines
308 1748 415 1811 virtute
434 1748 585 1827 metimur,
609 1767 669 1812 non
685 1749 803 1812 fortuna
816 1749 876 1830 (3).
889 1749 962 1812 Nam
982 1769 1052 1814 cum
1068 1771 1120 1817 ae-

189 1853 234 1907 las
253 1844 317 1907 eius
346 1844 499 1908 incidisset
520 1845 552 1908 in
571 1865 607 1910 ea
624 1855 776 1928 tempora,
800 1847 909 1929 quibus
939 1846 1119 1914 Macedones

188 1943 342 2021 florerent,
362 1944 487 2006 multum
504 1944 532 2009 ei
550 1944 694 2029 detrapit,
718 1946 796 2008 iuter
821 1963 872 2008 eos
890 1945 1017 2023 virenti,
1035 1949 1117 2028 quod

135 2111 137 2116 Α
188 2039 303 2102 alienae
322 2048 384 2103 erat
409 2041 554 2120 civitatis3
582 2060 679 2123 ireque
703 2042 784 2105 aliud
812 2041 882 2104 huic
907 2041 1002 2104 deluit
1023 2050 1116 2125 quam

186 2154 331 2214 generosa
362 2138 464 2220 stirps.
496 2137 561 2201 Etsi
593 2138 644 2201 ille
668 2137 830 2202 domestico
855 2134 972 2201 summo
1004 2158 1117 2221 genere

188 2232 324 2316 eraldi),
349 2243 448 2298 tamen
470 2233 645 2298 Macedones
662 2254 732 2298 cum
759 2235 816 2298 sihi
836 2235 997 2318 aliquando
1025 2247 1117 2303 aute·

187 2332 259 2410 poni
277 2333 398 2413 indigne
415 2333 570 2396 serebant:
594 2352 692 2415 neque
708 2342 806 2396 tamen
826 2353 886 2396 non
909 2333 1114 2417 patiebantur3

187 2426 324 2491 vincebat
341 2432 422 2494 enim
444 2448 549 2493 omnes
571 2448 654 2507 cura,
676 2430 849 2510 vigilantia,
872 2431 1029 2512 patientia,
1054 2436 1116 2496 cal·

186 2508 301 2588 liditate
323 2536 352 2591 ct
366 2527 550 2590 celeritate
541 2527 665 2606 ingenii.
685 2527 739 2590 Hic
758 2527 1053 2610 peradulescentulus
1075 2532 1115 2596 ad

187 2623 349 2687 amicitiam
379 2625 505 2687 accessit
530 2622 678 2705 Philippi,
701 2623 846 2706 Amyntae
876 2624 929 2686 filii
938 2624 1115 2710 ,brevique

185 2729 320 2803 tempore
337 2721 369 2784 in
390 2721 527 2785 intimam
551 2721 686 2803 peruenit
707 2720 958 2784 familiaritatem:
977 2723 1114 2802 fulgebat

185 2819 264 2880 enim
280 2817 340 2882 iam
355 2819 386 2881 in
402 2818 623 2881 adolescentulo
643 2818 760 2882 indoles
776 2818 904 2882 virtutis.
922 2818 1027 2902 Itaque
1040 2840 1109 2885 eum

184 2914 289 2978 habuit
300 2917 335 2979 ad
348 2935 468 2979 manum
482 2915 598 2978 scribae
610 2916 691 2978 loco:
708 2915 789 2998 quod
800 2917 894 2979 multo
910 2917 989 2998 apud
1001 2916 1110 2985 Graios
1178 2909 1182 2915 ’

211 3133 244 3192 (l)
255 3136 301 3182 llec
316 3136 340 3182 ln
355 3136 435 3182 illnerc
451 3135 504 3183 tabe
519 3138 716 3195 corrumperetur.

212 3202 244 3262 (2)
260 3204 341 3249 cardia
355 3205 411 3250 urbs
425 3202 470 3251 lull
485 3205 511 3250 ln
525 3205 618 3252 thracia
630 3204 776 3252 Chersoneso
791 3204 889 3252 adisinu
902 3203 985 3250 Melan.

211 3271 241 3330 (ὅ)
258 3271 393 3328 lttgntmlma
407 3270 514 3318 hutorlcl
531 3273 605 3318 nostrl
619 3273 748 3333 senleutla,
760 3284 822 3330 quac
834 3275 909 3317 lumen
921 3270 986 3328 apud
997 3271 1106 3321 itomluco

181 3350 230 3383 non
247 3339 313 3383 inani
332 3338 426 3395 quidem
453 3341 578 3386 laetatione
593 3339 725 3400 verborum,
751 3340 884 3387 cedrorum
900 3350 945 3384 usu
967 3336 1109 3386 celebraru-

180 3407 281 3453 roorlmc
292 3410 361 3453 emal.

210 3471 245 3535 (d)
258 3473 316 3522 ltale
328 3474 419 3521 demta
425 3473 485 3534 locu
497 3475 543 3523 ιη’
553 3477 606 3523 auct
617 3476 643 3522 dt
654 3489 701 3523 noo
711 3476 772 3522 deror·
780 3478 861 3524 catull.
