2452 3938
133 231 194 294 llo
510 250 672 296 abnormis

128 339 273 425 potentia.
291 338 328 403 Hi
349 340 429 403 enim
447 360 508 405 non
532 345 627 424 magis
644 344 883 408 adversariorum
911 345 1065 426 factioni,

130 458 219 520 quam
244 436 419 520 Spartanis,
445 459 480 503 eo
505 432 776 524 tempore'bellum
800 444 993 524 intulerunt,
1013 447 1067 528 qni

128 535 278 617 principes
294 544 379 597 erant
397 535 488 600 totius
514 536 666 602 Graeciae.
692 539 824 613 Quorum
849 541 979 622 imperii
997 561 1065 606 ma-

126 630 229 709 iestas,
248 650 345 713 neque
363 632 404 694 ita
422 631 515 695 multo
533 643 618 715 post,
645 636 788 700 leuctrica
806 655 925 718 pugna,
944 638 988 702 ab
1009 639 1066 703 hoa

127 726 214 799 initio
232 727 379 809 perculsa,
396 729 537 792 concidit.
560 730 607 793 llli
622 731 712 810 igitur
730 733 1064 819 duodecim-quorum

128 822 187 885 dux
200 832 264 887 erat
276 824 446 906 Pelopidas,
466 844 533 889 cnm
548 826 672 890 Athenis
691 829 821 892 interdiu
844 830 997 909 exissent,
1017 842 1064 909 nt,

126 929 351 1000 vesperascente
370 923 473 1000 coelo,
500 923 616 986 Thebas
642 937 765 1005 possent
788 927 963 1011 pervenire,
993 948 1065 993 cum

127 1017 251 1081 canibus
269 1019 410 1082 venaticis
428 1020 580 1097 exierunt,
599 1021 674 1084 retia
686 1023 829 1100 serentes,
844 1023 959 1087 vestitu
977 1044 1065 1107 agre·

126 1114 186 1192 sti,
218 1135 276 1198 quo
302 1118 416 1181 minore
444 1117 614 1200 suspicione
643 1119 775 1182 lacerent
802 1120 871 1183 iter.
896 1117 959 1192 Qui
992 1142 1063 1188 cnm

125 1221 259 1294 tempore
282 1214 366 1296 ipso,
385 1234 443 1297 quo
462 1216 658 1294 studuerant,
688 1218 913 1298 pervenissent,
932 1218 1064 1285 domum

124 1307 268 1373 Charonis
295 1311 495 1389 devenerunt,
523 1331 540 1374 a
569 1331 628 1392 quo
650 1322 680 1375 et
705 1304 823 1395 tempu's
851 1321 881 1376 et
904 1313 973 1379 dies
997 1326 1064 1380 erat

126 1410 223 1472 datus.

164 1487 297 1568 Imilce
314 1506 379 1567 lo'co
397 1504 471 1566 libet
486 1503 688 1586 interponere,
702 1505 759 1569 etsi
775 1504 950 1569 seiunctum
970 1507 1012 1571 ab
1026 1528 1062 1572 re

122 1603 273 1684 proposita
292 1610 348 1678 est,
376 1601 468 1663 nimia
487 1601 595 1663 fiducia
622 1609 751 1683 quantae
777 1603 941 1666 calamitati
960 1606 1062 1669 soleat

122 1718 199 1762 esse.
219 1698 292 1761 Nam
312 1698 535 1777 magistratuum
560 1698 757 1762 thebanorum
776 1700 877 1762 statim
901 1700 939 1762 ad
966 1720 1061 1766 aures

122 1797 268 1877 pervenit,
289 1796 389 1858 exules
407 1796 438 1857 in
455 1796 560 1858 urbem
580 1796 745 1859 devenisse.
765 1794 798 1857 ld
815 1796 873 1872 illi,
891 1796 964 1859 vino
983 1816 1061 1879 epu·

122 1894 218 1975 lisque
232 1894 323 1957 dediti
336 1892 397 1976 (l),
411 1912 505 1974 nsque
524 1912 558 1956 eo
575 1893 783 1975 despexerunt,
800 1884 839 1956 ut'
851 1911 890 1956 ne
904 1912 1059 1975 quaerere

122 1992 297 2075 quidemde
316 1999 398 2053 tanta
416 2009 449 2054 re
477 1990 651 2054 laborarint.
682 1989 813 2053 Accessit
834 1990 945 2067 etiam,
973 1994 1058 2074 quod

122 2091 216 2170 magis
237 2090 368 2172 aperiret
380 2106 483 2152 eorum
499 2088 693 2152 dementiam
712 2086 808 2149 Allata
826 2087 965 2150 estenim
986 2089 1057 2171 epi·

122 2189 197 2252 stola
213 2187 351 2266 Athenis,
371 2187 408 2250 ab
432 2186 541 2250 Archia
560 2185 756 2268 hierophanta
778 2183 838 2263 (h),
860 2184 914 2247 uni
936 2203 975 2247 ex
992 2185 1055 2264 bis,

121 2286 259 2365 Archiae,
279 2286 331 2368 qui
353 2292 415 2348 tum
435 2284 596 2347 maximnm
611 2282 815 2361 magistratum
834 2279 945 2343 Thebis
971 2282 1056 2346 obti-

121 2382 223 2461 nebat,
242 2385 274 2446 in
293 2401 351 2465 qua
373 2381 474 2443 omnia
491 2381 527 2442 de
545 2380 727 2462 proiectione
747 2377 866 2440 exulum
884 2379 1057 2462 perscripta

122 2488 217 2549 erant:
239 2498 315 2561 quae
334 2496 401 2540 oum
420 2477 479 2538 iam
498 2476 655 2539 accubanti
669 2475 700 2551 in
719 2473 853 2537 convivio
873 2483 953 2537 esset
967 2474 1054 2554 data,
1098 2562 1100 2567 .

121 2576 199 2639 sicut
220 2586 284 2639 erat
301 2577 427 2654 signata,
447 2573 502 2661 sub
516 2574 668 2655 pulvinum
683 2570 859 2649 subiiciens;
886 2572 921 2635 in
938 2576 1055 2663 croatiss

121 2691 206 2753 num,
232 2673 346 2755 inquit,
364 2672 469 2753 differo
492 2688 541 2734 res
560 2687 689 2734 severos.
714 2670 751 2731 At
771 2668 814 2730 illi
840 2685 959 2743 omnes,
981 2689 1053 2733 oum

121 2775 181 2836 iam
201 2792 259 2837 nox
272 2772 476 2854 processisset,
502 2768 645 2832 vinolenti
668 2767 705 2830 ab
725 2765 874 2842 exulibus,
893 2766 972 2829 duce
989 2766 1051 2831 Pe·

121 2873 234 2955 lopida,
260 2879 329 2934 sunt
346 2867 507 2932 interlecti.
535 2865 648 2939 Quibus
671 2865 760 2928 rebus
787 2863 942 2939 conlectis,
960 2864 1052 2943 vulgo

121 2971 159 3039 ad
177 2989 260 3034 arma
275 2968 506 3048 libertatemque
523 2972 638 3038 vocato,
659 2981 719 3025 non
733 2961 829 3024 solum
854 2958 953 3041 quiin
970 2961 1054 3024 urbe

121 3080 219 3147 erant,
235 3068 287 3131 sed
309 3067 397 3130 eliam
412 3062 544 3144 undique
563 3079 598 3122 ex
615 3059 692 3138 agris
710 3064 936 3134 concurrerunt,
956 3073 1051 3136 prae-

151 3274 184 3335 (Ι)
200 3278 282 3338 tltpote
296 3278 355 3325 festo
367 3276 462 3323 Veneris
477 3274 523 3321 die.

151 3344 356 3404 (2)llieropbanta,
365 3344 422 3410 aiap
424 3348 464 3402 ὸς,
474 3351 547 3391 maer
557 3339 582 3386 ot
589 3340 670 3408 p,alcn
682 3339 794 3393 monstro,
807 3332 844 3380 vel
884 3334 928 3394 pat,
941 3332 1002 3388 area
1012 3330 1051 3380 sui

121 3412 167 3456 cris
181 3409 308 3456 Elemintae
323 3360 422 3457 Cereris?
432 3410 545 3471 praeerat,
556 3409 625 3465 atqua
640 3404 722 3453 eadam
737 3400 833 3450 Athenis
848 3348 963 3456 Augurina
977 3390 1053 3439 hebo·

122 3476 200 3538 batur,
213 3488 261 3535 qna
275 3475 378 3536 ponttlex
390 3478 503 3524 maximus
517 3474 582 3536 apud
597 3473 718 3519 Romanoa
