2452 3938
180 221 239 283 152
567 240 714 283 alamann

178 330 270 391 saltus
290 336 495 408 occupantem.
517 327 592 390 Hinc
621 330 651 390 in
671 327 807 409 Apuliam
828 329 874 410 (l)
894 328 1039 409 peruenit.
1060 329 1109 396 lbi

179 424 294 487 obviam
325 423 353 486 ei
381 435 527 515 venerunt
556 425 615 487 duo
642 424 801 501 consules,
833 424 919 487 Caius
947 425 1105 488 Terentius

177 519 270 583 Varro
293 529 322 583 et
339 519 448 582 Lucius
465 520 585 589 Paullus
603 521 758 584 Aemilius.
778 519 936 602 Utriusque
959 523 1106 592 exercitus

178 636 238 680 uno
258 616 369 699 proelio
385 618 507 696 lugaria
521 617 645 696 Lucium
656 619 791 681 Paullum
807 621 958 681 consulem
982 619 1105 698 occidit,

179 718 209 771 et
226 710 345 791 aliquot¹
357 705 716 789 praeterea'cousulares3
737 709 767 772 in
788 710 834 772 his
860 708 984 772 Gneium
1004 709 1105 774 Servi·

103 806 252 882 a,pelium
271 806 441 883 Geminum,
462 807 513 887 qui
534 826 613 869 anno
628 809 781 889 superiore
801 808 897 870 suerat
915 809 1029 870 consul.

221 902 256 965 v.
277 902 337 965 Hac
357 921 454 983 pugna
472 914 611 983 pugnata,
632 905 757 967 Romam
777 906 1003 985 protectusest,
1020 905 1102 968 nullo

180 999 352 1061 resistente:
373 1000 403 1061 in
422 1002 596 1082 propinquis
614 1003 697 1064 urbis
722 1001 873 1063 montibus
892 1010 1023 1063 moratus
1043 1010 1101 1064 est.

178 1096 250 1159 Cum
269 1096 381 1178 aliquot
397 1096 439 1158 ibi
462 1098 524 1159 dies
544 1107 639 1160 castra
667 1098 837 1174 habuisset,
857 1105 887 1160 et
903 1105 1102 1159 reverteretur

176 1192 318 1274 Capuam,
338 1191 464 1265 Quintus
482 1195 592 1257 Fabius
613 1193 776 1271 llaximus,
797 1194 922 1256 dictator
940 1213 1102 1273 romanus,

176 1290 206 1350 in
223 1295 291 1375 agro
311 1290 435 1352 Falerno
448 1291 498 1371 (2)
518 1293 545 1353 ei
560 1311 592 1353 se
612 1292 731 1354 obiecit.
758 1290 852 1368 Hinc,
872 1293 990 1352 clausus
1015 1291 1099 1352 loco-

175 1405 240 1466 rum
255 1374 415 1465 .angustiis,
440 1397 528 1449 noctu
547 1388 611 1450 sine
626 1389 686 1450 ullo
706 1388 882 1450 detrimento
907 1387 1098 1450 exercitasse

163 1483 331 1563 expedivit.
352 1484 456 1559 Fabio,
477 1485 667 1546 callidissimo
686 1485 876 1565 imperatori,
896 1483 985 1546 verba
1002 1484 1096 1562 dedit;

173 1597 314 1659 namque,
335 1579 462 1641 obducta
480 1589 579 1657 nocte,
597 1589 746 1642 sarmenta
761 1581 792 1641 iu
814 1581 954 1642 cornibus
972 1581 1096 1642 iumen·

173 1682 268 1735 torum
289 1675 416 1752 deligata
434 1675 582 1752 incendit,
602 1676 726 1761 eiusque
741 1677 857 1754 generis
872 1677 1094 1738 multitudinem

173 1788 309 1849 maguam
340 1771 668 1852 dispalatamimmisit.
698 1770 762 1844 Quo
791 1774 946 1858 repentine
977 1773 1096 1836 obiectu

171 1866 249 1944 viso,
271 1875 384 1929 tantum
416 1876 558 1931 terrorem
578 1869 680 1930 iniecit
707 1871 847 1933 exercitui
876 1868 1092 1945 Romanorum,

171 1972 204 2027 ut
218 1966 318 2043 egredi
336 1974 418 2028 extra
438 1967 545 2036 vallum
560 1985 648 2028 nerno
667 1967 705 2028 sit
719 1986 819 2029 ausus.
840 1965 922 2027 Hanc
941 1974 1008 2046 post
1029 1985 1091 2028 rem

169 2050 299 2139 gestam,
316 2080 375 2123 non
392 2061 439 2130 ita,
452 2062 552 2133 multis
568 2063 695 2140 diebus,
712 2061 840 2125 Marcum
858 2061 1020 2124 llinucium
1033 2062 1094 2128 Ru·

106 2203 109 2208 .
134 2234 137 2240 .
166 2146 251 2239 lum,
266 2157 445 2246 ‚magistrum
470 2159 626 2239 equitum,
647 2160 710 2239 pari
743 2177 776 2220 ac
796 2159 968 2220 dictatorem
993 2160 1091 2241 impe-

133 2297 135 2302 ·
168 2253 212 2317 rio
223 2255 282 2334 (3),
302 2254 369 2339 dolo
391 2255 563 2336 perductum
582 2254 613 2316 in
629 2256 773 2335 proelium
798 2252 1088 2333 iugavittTiberium

166 2347 677 2430 SemproniumGracdtum,iterum
689 2351 893 2427 consulem,in
904 2349 1032 2413 Lucanis
1042 2352 1088 2433 (l)

89 2494 108 2528 ι
119 2444 273 2527 mabseus
286 2445 316 2507 in
335 2445 457 2508 insidias
470 2447 623 2508 inductum
643 2449 773 2510 sustulit.
787 2446 916 2509 Martum
931 2447 1088 2510 Claudium
1112 2480 1115 2485 ·

195 2635 225 2694 (ll
241 2636 267 2682 ln
283 2647 311 2682 ea
326 2635 404 2681 ltaliae
419 2636 492 2695 perte,
506 2647 567 2693 quoe
582 2636 611 2681 ad
627 2638 748 2684 meridiem
770 2640 868 2698 spectat,
887 2637 970 2684 eodem
994 2639 1088 2683 nomine

164 2704 227 2762 apud
241 2715 284 2749 nos
299 2703 321 2747 lo
335 2702 428 2759 Pontiq-
451 2703 476 2746 in
491 2713 519 2747 ea
533 2701 600 2748 tuere
626 2705 727 2762 Cannae,
749 2706 811 2750 vicus
830 2716 902 2764 prope
918 2704 1027 2750 Aufidum
1043 2717 1088 2751 em·

163 2782 217 2835 nem
229 2769 374 2829 (l’Osento),
391 2771 489 2815 maxima
506 2771 546 2816 'lo
560 2771 636 2827 strage
652 2771 807 2819 Romanorum
821 2773 922 2830 insignis.

192 2838 223 2897 (2)
241 2840 283 2886 llic
308 2851 363 2896 ager
382 2842 483 2897 campan
547 2839 641 2895 (Terra
663 2839 689 2883 di
715 2840 813 2898 teucro)
836 2842 898 2890 inter
917 2841 1050 2886 Sinuessam
1064 2839 1088 2886 ct

163 2904 266 2954 'leanun'r
278 2909 373 2965 insignis
387 2910 486 2953 maxime
501 2903 609 2953 tinorum
621 2919 702 2954 caussa
714 2907 767 2969 tuit,
778 2922 839 2967 quae
855 2909 909 2955 ideo
924 2909 1021 2954 Falerna
1032 2911 1087 2955 sunt

162 2976 312 3035 appellataet
327 2977 421 3022 Massica
436 2989 450 3021 a
464 2978 543 3022 vlciuo
555 2976 651 3021 Massico
663 2978 750 3021 moute.
772 2986 777 2996 ·

192 3043 222 3101 (ὅ)
237 3043 341 3100 Magister
360 3044 465 3100 equitum
480 3056 494 3089 a
507 3044 620 3088 dictatore
640 3042 796 3103 deligebatur,
810 3045 848 3089 cui
864 3045 982 3100 tamquam
997 3042 1085 3099 legatus

161 3112 219 3168 ereb
231 3111 273 3156 sed
287 3110 511 3169 ltlinuciusquadam
526 3110 574 3170 die,
589 3122 643 3156 cum
659 3110 738 3156 hostes
753 3112 798 3157 tevi
814 3111 906 3170 proelio
928 3108 1032 3164 fudisset,
1052 3110 1085 3154 tn·

160 3177 292 3224 elabundus
307 3180 332 3224 et'
345 3181 412 3236 quast
427 3179 498 3226 Fabio
513 3179 681 3239 cunctationes,
696 3178 782 3236 quibus
793 3180 868 3238 patria
880 3179 987 3224 restituta
1001 3179 1046 3235 est,
1058 3177 1085 3222 ut

160 3244 246 3290 cecinit
259 3244 352 3303 Ennius,
367 3246 521 3305 exprobrans,
536 3257 550 3295 a,
563 3249 646 3291 senatu
662 3245 805 3304 impetravit,
820 3246 846 3290 ut
858 3256 901 3304 par
910 3245 937 3293 ,ei
952 3246 1015 3290 esset
1030 3254 1086 3289 cum

161 3310 273 3356 dictatore
287 3313 396 3368 potestas.
408 3312 452 3357 Sed
468 3312 546 3370 paullo
562 3314 614 3370 post
624 3311 696 3373 lusus,
711 3313 883 3357 circumventus
897 3315 968 3368 atque
983 3323 1000 3356 a
1011 3309 1085 3356 Fabio

160 3377 259 3423 mnino
274 3377 400 3437 liberatus,
416 3381 531 3424 tumorem
547 3377 642 3435 abiecit,
653 3377 684 3423 ab
699 3390 776 3434 eoque
788 3379 877 3423 ventam
887 3376 1026 3438 imploravit.

191 3443 223 3503 (tt
237 3443 262 3489 ln
277 3443 385 3503 Lucania,
399 3444 566 3494 recentioribus
580 3445 716 3490 Bostttcoto.
