2452 3938
152 235 211 299 tlh
532 249 693 298 ennonmns

149 347 180 409 id
197 346 327 423 factum,
347 362 500 427 nunquam
519 343 545 406 is
564 346 664 407 animo
683 344 796 426 placari
812 347 911 428 potuit
926 348 959 410 iu
980 366 1078 430 enm,

148 465 167 506 a
188 463 248 527 quo
266 450 330 506 erat
344 442 481 505 violatus.
499 440 602 525 ltaque
612 443 760 525 persuasit
773 441 935 522 Thebanis,
954 454 989 509 ut
1000 449 1080 511 suh·

148 542 224 605 sidio
240 540 410 604 Thessaliae
421 539 684 621 proficiscerentur
692 587 703 618 ‚
722 549 924 623 tyrannosque
942 543 1010 607 eius
1026 560 1081 609 ex-

147 639 303 720 pellerent.
325 637 415 702 Guins
434 636 505 700 belli
520 655 588 699 oum
603 638 631 700 ei
648 657 765 702 summa
782 627 861 704 esset
875 640 961 718 data,
976 656 1080 722 eoque

148 754 215 798 cum
234 735 363 797 exercitu
383 733 533 815 proiectus
550 741 648 815 esset,
668 753 729 798 non
746 735 909 815 dubitavit,
928 736 1021 799 simul
1041 752 1080 802 ac

148 833 300 913 conspexit
318 831 452 908 hostem,
470 831 641 910 confligere.
661 831 694 895 ln
710 853 769 917 quo
787 833 922 915 proelio,
939 833 1078 898 Alexan-

148 929 234 991 drum
261 937 295 991 ut
317 929 543 1008 animadvertit,
562 929 703 992 incensus
724 932 769 993 ira
781 974 791 1010 ,
806 948 919 1014 equum
944 931 978 993 in
1000 948 1078 999 eum

147 1026 327 1104 concitavit,
346 1027 511 1108 proculque
540 1027 691 1106 digressus
716 1047 733 1090 a
754 1029 836 1106 suia,
861 1029 998 1092 coniectu
1024 1038 1076 1095 te-

68 1124 243 1217 ·ffllorum
265 1125 435 1202 confossus,
462 1124 579 1188 cecidit.
612 1125 709 1207 Atque
736 1124 793 1188 hoc
824 1125 955 1189 secunda
973 1127 1075 1192 ricto-

147 1220 190 1282 ria
217 1220 342 1300 accidit;
373 1240 442 1283 nam
474 1222 534 1285 iem
564 1222 724 1289 inclinatae
759 1233 845 1286 eraut
876 1231 1074 1305 tyrannorum

146 1319 262 1400 copiae.
282 1315 346 1390 Quo
368 1319 466 1396 lacto,
486 1338 591 1383 omnes
607 1314 778 1384 Thessaliae
792 1319 926 1385 civitates
944 1321 1073 1387 interle-

146 1423 226 1479 ctum
247 1414 420 1497 Pelopidam
437 1418 556 1478 coronis
581 1419 679 1480 aureis
703 1426 732 1481 et
756 1417 861 1482 statuis
889 1420 1011 1500 aeneis,
1030 1422 1073 1484 li-

146 1513 293 1595 berosque
310 1513 376 1575 eius
395 1513 487 1575 multo
506 1533 575 1594 agro
595 1515 759 1580 donarunt.

555 1828 650 1901 Xllll.

432 2072 778 2154 AGESlLAUS.

187 2385 210 2448 1.
230 2386 402 2466 Agesilaus,
416 2383 678 2463 lacedaemonius,
699 2403 767 2447 cum
785 2403 803 2447 n
821 2387 928 2448 ceteris
943 2388 1073 2472 scripto-

145 2481 252 2561 ribus,
274 2493 335 2547 tum
352 2482 458 2545 eximie
476 2501 494 2544 a
511 2480 706 2564 Xenophonte
730 2483 874 2547 socratico
890 2483 937 2565 (l)
956 2487 1072 2552 collau-

146 2578 232 2640 datus
250 2590 311 2659 est,
331 2599 366 2641 eo
385 2580 464 2641 enim
497 2598 568 2641 usus
586 2589 630 2642 est
659 2581 900 2644 familiarissime.
930 2581 986 2645 Hic
1003 2586 1073 2666 pri-,-

147 2695 229 2739 mum
251 2678 287 2740 do
304 2695 395 2755 regno
415 2695 481 2737 cum
504 2674 702 2758 Leotychide,
732 2679 831 2741 fratris
861 2679 943 2757 filio,
965 2679 1073 2748 babuit

146 2778 380 2841 contentionem.
404 2770 465 2834 llos
484 2784 530 2837 est
547 2776 627 2838 enim
649 2794 667 2838 a
686 2776 848 2839 maioribus
864 2773 1073 2845 Lacedaemo-

148 2878 205 2939 niis
224 2875 365 2953 traditus‚
386 2884 418 2937 ut
435 2875 510 2938 duos
528 2875 673 2938 haberent
689 2893 808 2957 semper
824 2892 926 2953 reges,
946 2877 1073 2943 nomine

147 2974 256 3052 magis,
276 2990 365 3054 quem
384 2972 510 3057 imperio
523 2972 584 3055 (l),
603 2992 639 3035 ex
653 2973 769 3035 duabus
784 2970 905 3034 familiis
923 2970 1022 3036 Procli
1040 2983 1072 3038 et

145 3073 340 3156 Eurysthenis
349 3117 358 3149 ,
380 3073 431 3154 qui
450 3073 598 3154 principes
613 3091 647 3134 ex
663 3073 805 3154 progenie
819 3069 967 3148 Herculis,
983 3069 1074 3155 Spar·

37 3330 45 3347 ‚
177 3286 208 3344 (ll
223 3286 260 3331 sle
275 3284 403 3344 appellato,
412 3282 477 3340 quod
491 3283 591 3330 socnam
602 3284 626 3330 et
640 3283 759 3342 dleclplion
771 3283 795 3329 et
809 3282 910 3329 auricilla
923 3293 980 3328 uem
994 3283 1040 3330 est.

12 3340 56 3411 ᾗ*
178 3351 209 3414 (tl
225 3353 256 3398 lle
271 3353 334 3398 enim
349 3362 405 3397 vera
420 3352 542 3410 imperium
556 3364 628 3411 penes
643 3353 811 3410 quinqueviros
824 3352 874 3398 slve
893 3351 994 3411 ephoros
1008 3353 1071 3414 eret,

3 3464 9 3473 .
42 3416 46 3425 '
147 3423 231 3472 eodem
245 3420 315 3479 plane
329 3420 406 3479 pacto,
417 3431 464 3477 quo
478 3420 622 3467 Venetorum
636 3419 703 3468 (luch
717 3419 819 3480 potestas
832 3419 1021 3467 decemvirorum
1032 3433 1076 3470 au.

12 3478 33 3531 '3-
146 3492 253 3540 ctorltale
267 3486 439 3535 continebatur.
