2704 4046
454 329 538 376 rmus
554 325 853 376 rounourussrrrcns
1048 307 1109 372 165

194 424 316 509 riusque
338 422 607 506 exsplendesoehat,
632 440 719 504 quarn
738 417 873 501 generosi
888 419 935 500 (l)
958 418 1133 481 condisci··

194 523 256 605 puli
279 523 377 585 animo
400 539 495 602 aequo
516 519 594 582 lerre
607 526 738 600 possent;
762 519 862 598 itaque
884 515 1026 579 incitabat
1042 534 1109 576 onr-

194 638 247 682 nes
269 619 365 683 studio
383 636 454 680 suo:
479 635 538 698 quo
561 616 592 678 in
614 633 738 677 numero
757 615 879 677 fuerunt
900 611 1009 674 Lucius
1031 610 1108 674 Tor-

195 724 313 797 quatus,
335 714 422 779 Gaius
442 712 550 774 Marius
569 710 630 775 Caii
645 712 736 787 fitius,
758 709 872 772 Marcus
894 708 1016 785 Cicero,
1035 726 1110 790 quos

196 811 409 876 consuetudine
424 829 478 872 sua
494 809 536 872 sio
558 808 615 872 sibi
633 807 773 886 devinxit,
792 815 826 872 ut
847 825 934 869 neruo
954 805 992 868 iis
1010 822 1113 887 perpe·

194 915 245 969 tuo
263 908 352 970 suerit
371 905 477 968 carior.

234 1003 272 1066 ll.
292 1003 378 1066 Pater
400 1011 514 1064 mature
528 1000 664 1064 decessit.
687 999 754 1082 lpse
773 999 1020 1074 adolescentulus,
1041 1016 1110 1079 pro-

194 1108 259 1181 pter
291 1100 461 1162 affinitatem
484 1098 581 1161 Publii
608 1096 754 1178 Sulpicii,
778 1097 828 1179 qui
855 1093 1108 1176 tribunusplebis

195 1197 367 1258 interiectus
382 1206 427 1257 est
439 1195 499 1277 (2),
513 1214 572 1257 non
584 1212 686 1274 expers
706 1194 762 1255 init
778 1193 857 1256 illius
876 1191 1010 1274 periculi.
1026 1191 1191 1274 Nurum,
1284 1255 1285 1260 ,

195 1311 253 1372 que
264 1291 378 1368 Anicia,
402 1290 557 1372 Pomponii
578 1290 766 1366 consobrina,
781 1296 922 1370 nupserat
935 1287 1031 1350 Marco
1044 1284 1114 1350 Ser-

198 1389 255 1462 vio,
279 1389 361 1449 fratri
386 1385 521 1469 Sulpicii.
551 1385 675 1468 Itaque,
701 1386 855 1448 interiecto
883 1383 1032 1466 Sulpicio,
1056 1402 1114 1465 po·

196 1494 349 1566 steaquam
367 1485 441 1547 vidit
462 1483 594 1548 Cinnano
618 1485 748 1545 tumultu
770 1483 918 1545 civitatem
946 1501 1010 1545 esse
1042 1497 1114 1562 per·

198 1581 345 1644 turbatam
360 1581 419 1662 (3),
439 1599 536 1662 neque
555 1580 612 1642 sibi
629 1579 693 1642 dari
711 1581 878 1644 facultatem
896 1597 949 1661 pro
972 1578 1115 1657 dignitate

199 1677 328 1754 vivendi,
348 1678 421 1760 quin
435 1679 607 1740 alterutram
628 1671 742 1757 partem
762 1677 934 1754 offenderet,
949 1674 1115 1738 dissociatis

201 1775 309 1836 animis
328 1775 449 1849 oinium,
469 1791 534 1835 oum
556 1773 606 1833 alii
621 1770 763 1852 Syllanis,
787 1773 837 1835 olii
865 1772 1005 1837 Cinnanis
1034 1772 1114 1834 lave·

200 1880 267 1940 rent
278 1871 424 1951 partibus,
440 1869 577 1932 idoneum
590 1878 706 1949 tempus
720 1877 801 1931 ratus
815 1869 920 1930 studiis
934 1867 1114 1950 obsequendi
1123 1889 1179 1935 usn

202 1967 276 2042 suis,
294 1965 425 2027 Athenas
447 1983 479 2026 se
496 1963 630 2046 contulit,
650 1962 751 2045 Neque
770 1982 804 2042 eo
826 1965 923 2028 secius
941 1965 1115 2027 adolescen-

203 2068 262 2124 tem
278 2060 416 2137 hiarium,
430 2060 543 2123 hostem
557 2059 731 2137 iudicaturo,
744 2060 817 2123 iuuit
830 2060 935 2142 opibus
943 2061 1016 2138 suis,
1032 2061 1116 2124 cuius

201 2158 298 2236 lugam
321 2157 448 2239 pecunia
466 2155 638 2220 sublevavit.
661 2157 710 2234 At,
730 2176 768 2220 ne
785 2158 836 2220 illa
851 2158 1048 2238 peregrinatio
1066 2160 1118 2220 de-

203 2253 374 2316 trimentum
393 2251 512 2334 aliquod
531 2253 648 2315 afferret
665 2254 708 2315 rei
739 2253 900 2331 familiari,
923 2254 1026 2316 eodem
1050 2275 1115 2317 ma·

201 2368 289 2430 guam
304 2359 415 2431 portem
433 2349 619 2411 fortunarum
636 2349 751 2411 traiecit
761 2369 892 2412 suarum.
912 2349 966 2413 Hic
980 2352 1020 2413 ita
1033 2352 1116 2428 vixit,

202 2454 235 2508 ut
262 2446 407 2508 uniuersis
435 2445 667 2509 Atheniensibus
698 2446 802 2524 meritp
826 2455 903 2510 esset
935 2447 1116 2512 carissimus.

203 2540 291 2620 Nam,
308 2550 424 2624 praeter
439 2543 584 2622 gratiam,
601 2561 677 2624 quae
693 2543 751 2605 iarn
771 2543 989 2606 adolescentulo
1014 2564 1120 2624 magna

205 2646 290 2715 erat,
308 2657 396 2720 saepe
408 2639 470 2701 suis
488 2638 594 2719 opibus
609 2639 739 2721 inopiam
753 2658 855 2702 eorum
871 2641 1017 2722 publicam
1036 2643 1119 2705 leva-

209 2733 260 2795 vit.
282 2731 353 2796 Cum
383 2734 460 2796 enirn
487 2753 636 2818 uersuram
665 2735 763 2798 lacere
788 2736 905 2818 publice
926 2756 1047 2801 necesse
1074 2759 1122 2801 es-

211 2836 256 2892 sct
280 2828 345 2910 (d),
377 2848 474 2911 neque
520 2832 584 2894 eius
626 2832 825 2895 conditionem
866 2851 989 2916 acquam
1028 2835 1121 2898 hahe-

238 2993 271 3051 (l)
286 2993 407 3052 Spscturc,
420 2994 478 3050 quun
492 3005 605 3051 generosa
619 3008 700 3042 eorum
722 2996 812 3051 indoles
827 2997 927 3043 excitate
941 2997 971 3044 ud
989 3000 1125 3048 aemulatio·

210 3073 262 3107 nem
278 3060 365 3118 ingenti
379 3059 439 3105 illius
454 3059 623 3119 industriaeque
637 3063 763 3120 adsurgere
778 3065 911 3111 conaretur.

236 3129 268 3184 l2l
282 3129 368 3174 liueret
380 3125 444 3173 hioe
458 3128 562 3187 partibus
574 3131 649 3188 tdarit,
664 3131 766 3190 totisque
777 3132 865 3178 viribus
874 3134 984 3179 connisus
997 3131 1081 3195 lueret,
1092 3149 1125 3184 ne

208 3196 281 3254 Syllae
296 3195 447 3242 mithridatici
462 3196 519 3242 belli
533 3198 764 3256 provincicdurstur.

239 3262 269 3319 titt
285 3263 337 3319 Quo
344 3264 448 3322 tempore
464 3264 536 3310 Cluuo
547 3277 602 3311 curu
614 3265 720 3312 idumeum
729 3266 837 3326 expulsus
851 3267 944 3318 tomam
958 3279 1012 3315 cunr
1023 3272 1126 3318 exercitu

210 3331 286 3388 veuit,
299 3331 370 3386 inque
385 3327 487 3386 Syitauos
501 3331 660 3378 crudelissime
674 3333 842 3380 animadvertit.

241 3398 273 3453 tt)
283 3395 403 3442 versuram
417 3393 494 3442 tacere
510 3396 636 3456 iudicitur,
651 3401 694 3457 qui
705 3402 731 3448 ut
745 3412 783 3448 aes
804 3401 907 3447 alienum
928 3401 1016 3463 solvat,
1032 3404 1079 3450 atio
1100 3415 1128 3450 oe

211 3475 263 3510 nere
277 3463 365 3519 sileno,
377 3463 441 3523 opud
451 3475 539 3510 novum
554 3465 694 3514 creditorem
706 3469 837 3527 obstringit,
854 3480 950 3516 versure
961 3473 1039 3519 ouum
1055 3483 1128 3517 ever·

211 3530 283 3576 undo
294 3541 378 3588 nempe
393 3542 445 3578 aero
457 3531 535 3579 sueno
550 3533 580 3580 ch
595 3535 641 3580 ulto
656 3534 686 3581 ud
697 3535 777 3595 allum,
794 3536 855 3584 dicto
871 3540 912 3585 est
