2452 3938
215 254 276 320 tii
609 260 746 311 amenas

200 358 492 446 ,1111111111111111
510 356 613 440 Neque
636 372 707 418 varo
725 352 781 416 hoo
806 349 858 414 ille
881 349 1068 429 eolus-tecit,
1091 346 1160 414 sed

213 458 306 526 ceteri
326 474 446 541 quoque
478 473 603 530 omnes,
626 451 682 534 qui
709 447 868 513 Alexandri
890 447 1012 515 inerant
1036 447 1152 513 amici.

200 557 330 625 ¹Primus
346 553 518 617 Leonnatus
540 547 742 613 Macedoniam
759 560 980 627 praeoccupare
995 542 1152 609 destina-

212 664 305 719 verat.
329 651 359 715 Is
386 649 486 713 multis
514 646 630 726 magnis
659 638 925 726 pollicitationibus
957 643 1154 723 persuadere

210 750 339 816 Eumeni
361 747 487 823 studuit,
517 753 551 807 ut
572 742 745 806 Perdiccam
775 739 949 818 desereret,
966 757 1005 802 ac
1035 759 1151 808 secum

209 848 322 911 iaceret
336 844 522 909 societatem.
547 840 619 905 Cum
644 839 810 921 perducere
834 857 904 903 eom
939 855 1002 901 non
1023 852 1146 922 poseat,

208 943 377 1007 interficere
396 949 520 1007 conatos
538 947 599 1015 est;
619 945 650 1000 et
671 936 810 1014 iecisset,
831 936 893 1000 uisi
907 935 960 1001 iile
976 937 1057 1001 olom
1082 958 1146 1006 no.

210 1049 260 1103 ctu
275 1059 311 1106 err
326 1038 481 1121 praesidiis
497 1037 562 1100 eius
579 1033 744 1114 effugisset.
809 1076 812 1080 ι

252 1136 303 1201 iit„
323 1136 446 1200 Interim
465 1135 594 1197 conflata
612 1142 682 1196 sunt
700 1132 752 1196 iiia
772 1132 863 1211 bella,
887 1151 964 1215 quoe
984 1134 1023 1197 ad
1044 1136 1146 1207 iotae.

209 1239 386 1313 necionem,
406 1244 473 1315 post
490 1231 651 1295 Alexandri
668 1239 795 1294 mortem
817 1238 900 1310 gesta
916 1241 999 1310 sunt,
1017 1255 1144 1306 omnes-

209 1354 268 1418 que
291 1339 509 1397 concurrerunt
530 1324 574 1391 ad'
588 1328 760 1391 Perdiccam
783 1328 1027 1410 opprimendum.
1039 1331 1141 1407 Quem

208 1433 266 1497 etsi
288 1432 439 1494 infirmum
459 1427 596 1502 ridebat,
620 1426 700 1507 quod
728 1445 807 1498 unus
833 1426 973 1490 omnibus
994 1431 1140 1500 resistere

207 1529 387 1608 cogebatur,
404 1535 505 1588 tamen
526 1523 656 1584 amicum
675 1541 735 1585 non
753 1523 897 1602 desernit,
916 1543 1014 1608 neque
1030 1530 1140 1597 salutis

206 1644 297 1708 quam
313 1624 382 1689 ddei
404 1622 461 1684 tuit
481 1620 629 1700 cupidior.
659 1617 848 1683 Praetecerat
879 1640 949 1685 euin
965 1622 1138 1696 Paridem

206 1724 236 1785 ei
259 1722 336 1803 parti
352 1719 452 1793 Asiae,
469 1735 547 1798 quae
563 1716 644 1779 inter'
652 1715 783 1778 Taurum
801 1727 933 1781 montem
947 1718 1027 1786 iacet
1044 1734 1137 1808 etque

207 1817 433 1899 Hellespontum
453 1815 514 1895 (1),
536 1824 567 1877 et
588 1814 674 1879 illurn
710 1832 803 1877 unum
828 1827 1011 1896 opposuerat
1035 1821 1135 1888 Euro.

197 1916 291 1999 paeis
315 1911 503 1978 adversariis.
534 1911 601 1994 Ipso
621 1913 787 1995 Aegyptum
809 1923 1014 1997 oppugnatum
1032 1918 1136 1985 adrer-

208 2035 259 2079 sus
276 2013 481 2079 Ptolemaeum
493 2012 541 2094 (i)
560 2022 624 2076 erat
641 2012 804 2094 proiectos.
818 2012 981 2091 Eumenes,
1000 2033 1071 2081 oum
1082 2035 1134 2083 ee-

209 2133 269 2196 que
286 2131 410 2191 magnas
432 2111 540 2193 copias
563 2128 661 2191 nequo
692 2111 793 2172 firmas
814 2109 961 2190 haberet,
980 2113 1066 2195 qnod
1084 2115 1133 2177 ia·

207 2211 387 2275 exercitatae
404 2218 435 2271 et
446 2227 506 2271 nou
521 2208 618 2270 multo
631 2215 702 2270 ante
713 2215 799 2270 orant
812 2216 983 2272 contractae
993 2210 1134 2288 ,adm-

208 2319 273 2373 tase
294 2316 393 2372 autem
407 2306 582 2371 dicerentur
598 2303 883 2387 Hellespontumque
902 2305 1060 2371 transiisse
1075 2306 1135 2373 Au·

208 2407 316 2488 tipater
337 2416 367 2470 et
388 2404 528 2469 cratem
554 2421 662 2480 magno
679 2422 748 2466 oum
772 2403 903 2467 exercitu
924 2401 1133 2484 Macedonum,

209 2504 265 2567 riri
281 2521 350 2567 cont
370 2501 507 2565 ctoritate
527 2508 592 2563 tum
612 2519 671 2563 usu
694 2500 765 2564 beili
779 2509 965 2583 praestantes
982 2500 1134 2583 (Macedo-

208 2620 264 2666 nes
285 2619 354 2663 aero
377 2597 488 2661 milites
508 2615 546 2660 ea
567 2605 638 2660 tunc
661 2607 746 2661 erant
773 2598 875 2675 tama,
893 2616 953 2680 qna
974 2598 1136 2664 nancile·

208 2699 290 2764 mani
312 2698 470 2762 teruntru:
494 2694 605 2759 etenim
628 2713 746 2777 semper
759 2695 856 2759 hahiti
874 2705 945 2759 sunt
966 2696 1133 2776 tondunt,

209 2799 262 2881 qui
283 2813 432 2860 summam
462 2792 582 2874 imperii
610 2792 815 2875 potirentur);
839 2793 988 2857 Eumenes
1006 2793 1055 2876 (3)
1076 2796 1135 2858 'in-

113 2967 115 2973 '
209 2894 385 2975 telligebat,
408 2891 433 2955 si
448 2890 552 2973 copiae
572 2908 645 2955 suae
673 2898 868 2970 cognossent,
892 2889 1034 2955 adversus
1062 2907 1137 2974 quoe

210 2993 405 3067 docerentur,
429 3008 488 3051 non
509 2988 596 3050 modo
628 3006 688 3050 non
717 2987 829 3064 ituras,
859 2986 911 3049 sed
943 2986 1034 3051 simul
1068 3004 1135 3052 curn

241 3157 271 3216 itt
289 3159 374 3216 Nempe
388 3156 516 3214 ermenias,
530 3155 624 3201 Ciliciae
639 3156 663 3200 et
674 3154 841 3214 Cappadociae.

243 3223 274 3284 (2)
290 3225 361 3270 Filius
373 3222 411 3272 htc
426 3223 492 3279 Lagi,
506 3233 537 3268 ex
550 3221 634 3268 humtti
656 3222 753 3268 mittiue
769 3232 855 3279 genere
869 3221 929 3267 inter
943 3222 1031 3281 primos
1046 3225 1140 3270 timeo·

211 3291 250 3341 dri
259 3292 330 3339 1111111
342 3292 444 3337 adscitus
458 3292 501 3350 cot,
515 3290 605 3348 titoque
620 3291 714 3337 mortuo
728 3293 856 3350 Aegyptum
871 3289 1001 3348 occupavit,
1014 3294 1139 3337 succenso·

212 3371 295 3416 resque
311 3360 377 3416 regni
388 3358 488 3416 lagidae
502 3369 516 3402 a
528 3360 602 3417 patre,
619 3359 763 3405 Ptolemaeos
778 3371 828 3404 ase
844 3357 983 3403 nominavit.

242 3427 273 3486 (ὅ)
289 3429 333 3475 Per
348 3428 485 3490 imoaieqo
503 3427 695 3487 (repetitionem)
709 3427 795 3474 iterum
810 3426 920 3473 Eumenia
936 3435 1025 3471 minen
1036 3434 1139 3472 emme·

213 3497 297 3555 moret,
311 3494 382 3552 longe
396 3495 495 3540 1111111111
510 3504 587 3539 rerum
603 3494 782 3554 interpositione
794 3494 947 3542 obliteratum.
1016 3517 1021 3524 ν
