2452 3938
502 242 542 286 nn
562 242 685 288 nnornus
998 227 1059 289 ld5

133 336 175 398 lio
191 333 238 416 (l)
256 352 376 413 regnum
392 334 579 412 tradidisset,
600 335 637 397 ab
657 335 707 397 illo
727 334 831 398 eodem
850 334 910 398 nita
926 335 1058 417 privatus

133 433 254 496 dicitur.
274 432 315 494 lle
334 432 443 513 quibus
460 432 601 514 quoniam
617 432 689 494 satis
703 430 813 495 dictum
833 440 983 515 putamus,
996 450 1057 495 non

134 530 357 595 incommodum
386 530 502 593 videtur
528 548 589 592 non
614 529 776 612 praeterire
807 528 1005 593 Hamilcarem
1028 539 1057 592 ot

134 629 344 707 Hannibalem,
362 648 436 710 quos
461 637 491 692 et
513 626 605 691 animi
624 627 826 706 magnitudine
845 636 874 690 et
896 628 1057 691 calliditate
1110 632 1113 638 '

131 747 240 793 ornnes
256 727 287 790 in
301 726 401 790 Africa
419 734 504 791 natos
522 725 703 809 praestitisse
720 733 852 812 constat,

809 978 820 1003 Ι

547 1056 642 1123 xxii.

432 1285 763 1366 HAMlLCAR.

178 1606 201 1668 l.
218 1603 378 1682 Hamilcar,
394 1602 569 1666 Hannibalis
581 1603 628 1685 (i)
643 1603 732 1681 lilius,
747 1602 921 1682 cognomine
939 1605 1057 1681 Bareas,
1071 1622 1077 1650 τ

134 1701 393 1781 carthaginiensis.
423 1701 523 1763 Primo
549 1701 657 1780 punico
676 1700 775 1777 bello,
802 1701 852 1762 sed
877 1700 1060 1781 temporibus

132 1801 287 1876 extremis,
307 1798 464 1860 admodum
485 1797 732 1875 adolescentulus,
751 1797 782 1858 in
805 1795 905 1858 Sicilia
922 1814 1060 1878 praeesse

137 1890 236 1980 coepit
264 1896 416 1960 exercitui.
446 1894 517 1959 Cum
541 1905 609 1956 ante
629 1895 692 1957 eius
719 1894 894 1971 adrentum,
926 1901 955 1955 et
985 1892 1059 1954 mari

136 2003 169 2058 ct
183 2002 261 2057 terra
279 1993 356 2055 male
382 2010 429 2054 res
445 2001 619 2074 gererentur
642 1990 951 2068 Carthaginiensium,
975 1988 1059 2070 ipse,

138 2091 192 2156 uhi
211 2090 327 2167 adluit,
356 2108 508 2169 nunquam
538 2088 615 2150 hosti
634 2087 740 2163 cessit,
766 2105 863 2167 neque
881 2087 977 2149 locum
1001 2104 1058 2147 no-

139 2188 226 2252 cendi
243 2186 335 2264 dedit,
354 2203 502 2266 saepeque
519 2202 536 2246 e
553 2185 713 2262 contrario,
739 2183 893 2247 occasione
910 2183 991 2258 data,
1010 2181 1062 2244 ho·

139 2295 215 2350 atem
229 2282 387 2359 lacessivit,
402 2300 578 2364 semperque
590 2282 725 2363 superior
734 2280 880 2345 discessit.
891 2279 956 2354 Quo
968 2281 1058 2358 lacto,

140 2401 208 2445 aum
226 2399 321 2463 paene
340 2379 440 2442 omnia
455 2380 486 2440 in
499 2376 600 2441 Sicilia
616 2377 709 2441 Poeni
728 2378 908 2454 amisissent,
923 2378 973 2442 ille
990 2377 1061 2459 ilip-

138 2497 205 2542 cem
224 2478 272 2560 (3)
293 2477 335 2539 sio
352 2475 495 2553 defendit,
510 2484 544 2538 ut
558 2475 669 2539 bellum
684 2495 718 2540 eo
737 2477 801 2539 loco
816 2485 930 2556 gestum
946 2494 1006 2537 non
1020 2474 1061 2536 vi-

141 2576 259 2638 deretur
277 2575 336 2654 (d).
356 2570 478 2637 Interim
504 2572 770 2652 Carthaginienses,
799 2575 903 2652 classe,
920 2573 996 2656 apud
1011 2573 1060 2633 in-

171 2785 202 2842 ti)
216 2786 362 2848 Ptolemaeei,
376 2787 418 2844 qui
432 2787 528 2834 Soterus
544 2788 654 2858 (Σωτήρ)
675 2786 709 2832 est
727 2787 854 2846 appellatus
876 2797 889 2831 a
915 2783 987 2829 verbo
1002 2786 1061 2848 cta,

139 2865 213 2900 aereo.
227 2855 273 2902 Sed
287 2855 326 2900 hio
341 2855 427 2900 erravit
441 2855 523 2915 Nepos,
537 2858 572 2903 vel
584 2859 723 2918 negligentia
733 2848 790 2916 sua,
805 2854 842 2901 vel
858 2853 930 2911 ignoti
944 2851 1062 2909 scriptoris

142 2919 255 2980 deeeptus
270 2922 416 2969 auctoritate.
432 2921 480 2981 Hoc
502 2924 563 2970 enim
579 2929 695 2986 proditum
711 2927 747 2972 est
760 2925 789 2969 de
804 2922 936 2969 Ptolemaeo
952 2919 1063 2975 Euergete

143 2987 273 3050 (benefico,
287 3001 300 3034 a
315 2988 389 3035 verbo
407 2987 537 3056 εὖεργετέω,
556 2993 669 3052 benefacio
679 3000 694 3049 l.
709 2994 750 3050 qui
764 2991 854 3037 occisus
869 2989 904 3034 eal
926 2999 940 3032 a
955 2988 1012 3048 silio,
1028 2990 1063 3034 id·

138 3054 208 3100 circo
223 3068 265 3115 per
278 3056 377 3101 ironiam
389 3054 537 3116 Philopatore
553 3063 653 3120 (amante
663 3065 741 3121 patria
756 3060 858 3128 opalia,
872 3069 932 3113 amo,
948 3060 970 3100 el
978 3062 1062 3124 πατήρ,

141 3120 224 3182 puter)
245 3123 368 3182 appellato.

173 3188 204 3247 (2)
226 3189 267 3302 Ηίἷ·
289 3191 371 3236 Senior
386 3192 420 3237 ost
434 3194 582 3257 appellatus,
604 3201 630 3245 ui
646 3212 659 3244 a
676 3201 760 3258 nepote
785 3209 868 3255 magno
883 3195 1013 3242 Hannibale
1027 3195 1063 3241 di·

139 3268 301 3305 sternamur.

176 3325 206 3383 (5)
221 3324 310 3371 Siciliae
325 3327 415 3385 urbem,
438 3328 502 3375 baud
517 3333 598 3392 procul
611 3345 625 3378 a
640 3335 747 3393 Drepane
762 3322 933 3395 piomoutorio,
946 3306 972 3378 ib
986 3332 1067 3377 monto

142 3388 252 3440 eiusdem
268 3393 366 3438 nominis
383 3395 455 3451 (nune
471 3397 548 3443 Monte
562 3399 585 3446 S.
603 3401 731 3456 Gtuliooo).

177 3459 209 3520 ll)
224 3459 281 3504 Itala
296 3461 334 3505 Do
346 3472 419 3517 parer
433 3476 480 3508 aon
496 3477 568 3510 essere
582 3473 644 3515 stata
659 3483 743 3528 parma
760 3472 785 3515 ia
800 3471 852 3528 quet
866 3465 953 3524 laoqhi.

214 3681 346 3746 Cornelii
364 3681 436 3758 Nep.
973 3651 1016 3709 “Q
1112 3636 1115 3642 ¹
