2452 3938
208 237 248 300 8I
598 250 757 325 curemus*

207 347 306 430 coepit
324 344 432 409 sidere.
452 343 527 407 IIino
542 344 676 424 refugere
694 363 761 407 cum
776 353 887 427 posset,
907 345 934 409 si
950 364 983 410 se
999 345 1032 409 in
1046 366 1129 412 wurere

207 445 383 520 delecisset,
402 442 483 525 quod
512 441 633 505 suberat
661 441 763 505 classis
787 441 1034 524 Atheniensium,
1053 463 1128 528 qum

208 541 356 623 exciperet
366 546 530 617 natantem,
541 539 638 620 perire
647 539 763 616 maluit,
775 557 877 622 quam,
890 540 982 603 ermis
992 538 1126 620 abiectis,

209 656 312 700 narem
331 636 522 719 relinquere,
540 636 572 697 iu
590 654 649 718 qua
672 636 769 700 Inerat
792 646 903 700 vectus.
921 635 955 700 I'd
972 638 1066 701 ceteri
1082 639 1128 703 la·

208 752 276 796 cere
301 733 477 811 noluerunt,
497 732 548 816 qui
566 732 665 795 nando
691 733 724 796 iu
750 741 846 796 tutum
864 745 1075 816 peruenerunt.
1092 735 1129 799 It

207 830 258 892 ille
275 838 425 911 praestare
442 829 597 893 honestem
616 838 741 894 mortem
759 830 839 911 turpi
863 829 939 893 vitae
956 829 1005 912 (1)
1025 831 1127 895 existi·

206 943 304 1005 mens,
322 926 461 998 cominus¹
477 945 623 1008 pugnans,
644 925 709 991 telis
724 927 854 991 hostIum
871 925 1049 992 interiectus
1070 937 1125 999 est.

619 1292 702 1362 XIII.

486 1526 841 1607 TIMOTHEUS.

244 1829 269 1894 1.
290 1829 475 1907 Timotheus,
494 1827 623 1893 Cononis
640 1828 731 1906 filius,
750 1827 945 1894 atheniensis·
964 1828 1055 1895 Hice
1073 1851 1126 1914 pa·

202 1936 247 1990 tre
265 1936 416 2009 acceptam
431 1925 553 2004 gloriam
566 1926 667 1989 multis
678 1925 760 1989 auxit
778 1926 948 1989 virtutibus.
961 1927 1031 1991 Fuit
1043 1930 1124 1991 enim

200 2026 341 2102 dIsertus,
364 2024 501 2104 impiger,
522 2022 698 2100 laboriosus,
721 2023 765 2086 rei
778 2023 914 2085 militaris
931 2024 1058 2106 peritus,
1072 2044 1124 2088 ne·

200 2141 257 2204 que
278 2122 377 2183 minus
397 2121 523 2203 ciritatIs
547 2120 705 2198 regendae.
725 2118 815 2182 qulta
834 2119 923 2182 buius
940 2129 1009 2199 suut
1033 2140 1123 2204 prae·

199 2205 279 2281 clere
293 2220 390 2294 lacta,
408 2217 461 2280 sed
479 2219 551 2280 haec
571 2217 699 2279 maxime
717 2216 854 2279 illustria.
875 2216 1007 2298 OlyntIos
1027 2218 1077 2300 (2)
1093 2229 1123 2283 et

121 2306 351 2403 {gffpfflpzautios
369 2315 447 2377 bello
465 2314 595 2393 subegit.
626 2312 747 2377 Samum
766 2314 868 2408 cepit:
900 2314 931 2407 in
949 2332 1009 2396 qua
1022 2333 1122 2398 oppu-

199 2413 316 2492 gnanda
337 2411 485 2492 superiori
510 2411 588 2473 bello
615 2410 810 2473 Athenienses
837 2410 918 2473 mille
941 2419 971 2474 et
994 2411 1123 2475 ducente

199 2511 310 2572 talenta
332 2509 379 2590 (3)
398 2516 654 2588 consumpserant.
674 2506 755 2569 lianc
773 2508 823 2570 ille
840 2509 905 2571 sine
923 2507 985 2571 ulla
1001 2509 1123 2591 pubIIca

199 2609 333 2688 impensa
345 2607 455 2688 populo
474 2606 615 2668 restituit.
634 2605 780 2668 Adversus
797 2604 889 2687 Cotyn
906 2605 952 2685 (l)
968 2604 1124 2686 belluges·

198 2705 248 2780 sit,
268 2702 306 2766 ab
323 2721 419 2785 eoque
436 2703 518 2765 mille
537 2711 567 2765 et
584 2702 712 2765 ducenta
736 2703 847 2766 talenta
864 2706 992 2786 praedae
1009 2704 1042 2766 in
1062 2723 1121 2786 pu-

200 2802 310 2868 blicum
328 2800 439 2864 retulit.
459 2798 594 2883 Cyzicum
613 2799 661 2882 (5)
683 2799 837 2863 obsidione
864 2801 1010 2866 liberavit.
1029 2800 1121 2864 Ario·

228 3010 259 3072 (l)
274 3008 360 3059 Eddem
375 3013 437 3059 euim
452 3014 565 3071 religlone
576 3025 641 3060 suem
656 3012 765 3058 classlarll
774 3025 855 3059 narem
867 3013 984 3074 colebant,
997 3013 1122 3072 quartana

199 3081 316 3128 terrestrls
330 3083 405 3141 miles,
420 3095 508 3142 parque
523 3080 683 3129 deserentibus
698 3081 799 3129 dedecus
813 3082 870 3128 erat.

229 3147 259 3204 (2)
273 3149 395 3207 Olynthus,
411 3149 553 3196 chalcidices
567 3149 622 3194 urbs
636 3147 681 3195 lull
695 3149 721 3194 lu
735 3150 790 3195 stnu
805 3147 943 3194 'I'oroualco

227 3215 258 3274 (ὅ)
275 3217 355 3262 Ferme
370 3218 490 3276 debendo
504 3215 604 3274 franchi.

229 3284 259 3338 (t)
274 3283 315 3328 Hic
334 3283 502 3342 Paphlagonhe
526 3297 568 3331 rex
590 3284 633 3330 luit
648 3284 671 3329 iu
686 3284 737 3329 Ista
750 3285 839 3329 minore
854 3283 884 3328 ad
904 3279 1033 3340 Euxinum,
1048 3293 1120 3341 quem

199 3349 322 3407 propterea
340 3361 395 3395 cum
407 3351 476 3408 cotye
499 3352 541 3396 illo
562 3353 655 3397 minlme
668 3349 817 3412 contundes,
835 3350 865 3396 ds
880 3361 930 3408 quo
944 3350 1032 3397 mendo
1046 3350 1082 3396 est
1095 3349 1122 3394 ln

198 3415 318 3474 Iphicratis
332 3416 379 3459 sile
394 3417 459 3475 (cap.
475 3417 503 3463 nl
513 3418 529 3472 ).

225 3484 261 3544 (5)
270 3483 353 3530 Urbem
368 3485 432 3529 Istae
443 3485 539 3531 minoris
553 3486 576 3531 in
589 3485 737 3547 Propontidls
748 3497 798 3532 orn·
