2452 3938
212 279 274 344 130
599 292 733 342 nunctum

207 389 401 471 elephantum.
421 386 557 454 Nondum
570 388 649 451 enim
671 396 825 466 statuerat,
841 398 971 453 seruaret
984 389 1128 474 sumti),

206 511 262 558 nec
280 510 328 557 ne.
349 489 494 558 Veniebat
521 499 621 554 autem
650 490 687 553 ad
709 491 872 555 Eumenem
896 501 1057 576 utrumque
1074 516 1129 576 ge·

205 607 263 656 nus
281 587 455 666 hominum
475 597 504 653 et
523 587 591 669 qui,
614 597 733 671 propter
750 589 863 666 edium,
883 591 1011 653 fructum
1032 593 1128 657 ocutis

206 704 242 753 ex
255 685 320 751 etus
339 703 409 752 oasa
424 703 530 765 capam
548 686 678 764 vellent3
698 692 728 748 et
750 685 823 767 qui,
852 697 977 768 propter
994 696 1127 754 'veteram

205 781 378 858 amicitiara,
395 781 523 863 colloqui
533 782 739 864 consolarique
754 784 908 863 c'uperente
918 784 1006 846 multi
1022 785 1127 864 otiam,

206 877 256 959 qui
275 878 340 939 eius
360 879 485 940 formam
505 897 683 958 cognoscere
712 877 893 956 studebant,
910 874 1127 963 quatisjesset,

204 993 292 1057 quem
311 983 369 1041 tam
389 975 440 1037 dtu
460 983 578 1064 tamque
595 975 679 1039 valde
698 975 879 1052 timuissent,
900 964 986 1039 cuius
1008 976 1040 1040 in
1060 974 1128 1060 per-

203 1071 281 1135 nicie
298 1071 424 1152 positam
443 1090 525 1154 spem
544 1071 717 1135 habuissent
733 1071 885 1136 victoriae.
904 1074 941 1136 nt
959 1072 1125 1155 Eumenes,

203 1187 271 1235 curn
290 1168 402 1235 diutius
420 1169 452 1233 in
481 1169 607 1233 vinculis
629 1179 718 1247 esset,
746 1169 788 1231 ait
803 1167 1010 1248 Onomarcho,
1033 1191 1128 1254 pones

204 1285 293 1349 quem
313 1284 430 1331 summa
456 1265 574 1348 imperii
606 1275 670 1328 erat
696 1266 919 1348 custodiam),
944 1269 1126 1349 munirem,

202 1364 368 1445 quereiam
381 1363 503 1427 tertium
525 1364 604 1427 etiem
623 1363 664 1424 sic
688 1371 858 1438 teneretur;
884 1383 945 1428 neo
968 1368 1051 1430 enine
1075 1369 1131 1433 hec

202 1461 359 1525 conuenire
372 1459 519 1540 helluoni
528 1460 704 1538 prudentiae
716 1459 775 1538 (3),
794 1468 829 1522 ul
841 1462 882 1524 ee
895 1463 1068 1527 damnemur
1077 1465 1128 1546 (l)

202 1557 292 1629 vicem
309 1555 382 1634 quin
395 1554 443 1635 (5)
462 1562 513 1620 eut
538 1553 666 1633 interfici
690 1564 741 1617 etet
762 1556 888 1620 mimum
908 1559 976 1639 fieri
997 1560 1124 1625 tutaret

203 1651 257 1714 Hic
275 1669 342 1713 cum
357 1649 487 1716 tamaius
503 1646 689 1713 Onomarcho
701 1651 783 1732 loqui
798 1652 962 1718 rideretur:
982 1655 1063 1732 Quill
1076 1662 1129 1722 ta?

203 1748 313 1830 inquit,
336 1748 436 1811 onhuo
456 1748 483 1812 sl
503 1747 558 1811 islo
576 1764 653 1824 eree,
666 1765 721 1810 cur
734 1765 796 1812 uon
812 1749 847 1812 ln
863 1752 977 1832 proelio
992 1753 1128 1819 uernat

198 1846 300 1928 nolim
314 1862 403 1925 quone
413 1846 626 1926 innotescentem
636 1845 756 1909 inundet
767 1848 908 1912 uenirent
918 1846 997 1917 uate
1013 1850 1127 1915 dome·
1184 1908 1189 1919 .

200 1962 272 2009 nes:
293 1941 413 2010 uenam
426 1943 546 2022 amum
567 1942 647 2006 istud
667 1945 826 2007 euenisset!
839 1945 1137 2026 inquientem

203 2040 592 2122 unumquodcumque
612 2059 679 2105 enm
699 2041 826 2122 fortiore
850 2060 917 2109 sum
938 2060 1138 2124 maurensem,

204 2155 266 2203 uere
275 2138 357 2201 enine
371 2154 438 2200 cum
449 2139 834 2216 mercennariorumque,
848 2139 922 2218 quin
936 2139 1050 2203 inmiti
1059 2158 1137 2206 suet

204 2235 346 2303 ertone.
366 2235 437 2299 Non
449 2234 532 2299 enlm
544 2234 653 2299 oucule
668 2236 807 2327 tortium,
823 2238 873 2299 aad
883 2230 1136 2318 oeconomum-2

202 2333 276 2412 hdie
293 2331 400 2397 decidi.
418 2330 520 2412 Neqm
534 2330 564 2394 id
584 2332 689 2395 ialsum
702 2333 762 2415 (6).
779 2331 852 2394 Nam
866 2342 897 2396 et
915 2333 1137 2413 dignitatelu'it‘

231 2494 263 2555 (l)
288 2496 411 2554 Eleganter
432 2499 545 2543 omittitur
559 2497 690 2543 dubitativa
705 2497 817 2558 particula
834 2500 924 2558 utrum,
935 2507 1010 2557 qurum
1018 2501 1128 2558 aequaliter

201 2575 243 2606 ner
260 2575 294 2608 ue.

231 2628 262 2690 (2)
278 2631 371 2678 &erius
383 2632 498 2679 chmelius
513 2631 610 2680 dixisset
622 2643 715 2679 aunem
727 2633 854 2678 emlodteer
868 2631 911 2679 noel
925 2634 972 2680 viar
995 2632 1052 2682 lecit
1066 2637 1138 2686 tlon·

203 2698 279 2756 netto,
296 2700 408 2745 solemnis
424 2701 559 2745 Latinorum
574 2698 647 2751 dictio
660 2712 752 2746 summa
773 2701 876 2759 imperti,
890 2702 917 2747 ut
930 2702 1057 2763 utrumque
1071 2716 1136 2764 qaor-¹

203 2779 285 2827 perum
301 2768 420 2815 scriberet.

232 2835 263 2895 (ὅ)
281 2835 429 2896 Prudentiae,
444 2835 505 2881 idest
519 2834 684 2894 experientiae,
695 2845 766 2890 quam
781 2846 866 2894 nempe
877 2835 907 2880 sit
918 2833 1005 2880 bellum
1015 2837 1128 2884 maleno

200 2901 280 2961 plena,
296 2913 412 2960 quamque
425 2901 507 2948 decent
522 2903 583 2952 tuter
592 2901 656 2951 hetta
671 2904 775 2947 versatos
790 2901 891 2961 ideoque
905 2900 1013 2949 luctuum
1027 2914 1127 2951 conuer-

202 2970 311 3016 ntonihua
326 2969 446 3028 obnoxios,
462 2969 503 3016 aut
515 2970 540 3014 ln
555 2969 630 3014 victos
642 2969 756 3014 continuo
768 2967 895 3027 vindicare,
907 2968 949 3015 aut
957 2968 1010 3014 llloa
1025 2971 1126 3017 omnino

202 3040 329 3089 dimittere.

232 3105 262 3164 (t)
279 3107 361 3152 Rarius
376 3118 453 3164 neque
469 3105 629 3166 usurpandum
643 3116 688 3165 pro
702 3104 845 3151 meterent.

231 3173 377 3232 (altitonans
400 3173 514 3234 particula
534 3185 594 3230 quoe
620 3173 693 3228 magis
712 3171 823 3232 affirmat,
848 3173 935 3220 latinae
954 3173 1049 3231 linguae
1064 3174 1128 3221 adeo

201 3242 307 3299 propria,
321 3245 348 3286 ut
363 3241 401 3286 rix
416 3243 487 3301 possit
503 3242 581 3286 italice
596 3241 685 3286 reterri.

231 3307 262 3367 (6)
287 3308 405 3354 Postrema
428 3308 528 3354 huiusce
550 3309 634 3366 captur
654 3307 748 3355 turbata
763 3306 890 3355 admodum
908 3307 1125 3357 materonum

200 3372 298 3420 iacturae
312 3385 408 3419 manum
424 3373 590 3421 desideravere.
605 3373 653 3420 lum
668 3375 729 3420 enlm
746 3374 788 3421 illa
802 3373 861 3420 mihi
872 3373 932 3420 male
948 3374 1054 3435 audiunt,
1077 3389 1125 3423 noo

202 3442 264 3486 cutm
278 3454 330 3486 eum
344 3453 458 3499 quoquam
473 3444 525 3503 etc,
541 3453 601 3501 quae
616 3442 721 3491 eamdam
731 3454 782 3491 ram
798 3443 863 3490 aiunt
876 3453 905 3489 tte
918 3452 991 3503 cupra
1002 3445 1078 3491 relata
1088 3447 1133 3492 eat.

203 3510 321 3557 atritione
336 3510 456 3569 geminant
470 3510 527 3557 titud
542 3523 588 3557 aaa
603 3514 664 3556 mem
679 3510 769 3570 periodi
789 3503 942 3571 insequentia
952 3511 1074 3573 praeterea
1088 3514 1125 3560 ln·
