2452 3938
135 230 174 295 'ld
565 248 636 294 nrou

131 358 163 402 sc
174 338 211 402 ah
222 338 268 402 his
281 340 358 403 male
373 337 548 415 existimari,
566 339 799 421 quorumpaulo
814 345 883 402 ante
897 338 928 402 in
946 342 1057 405 coelum

131 435 230 498 luerat
245 437 340 500 elatus
357 435 511 498 laudibus.
529 435 642 514 Vulgus
667 445 780 512 autem,
811 437 925 499 offensa
943 439 973 498 in
994 456 1057 500 eum

131 532 260 595 militum
279 519 429 596 voluntate
442 533 516 614 Ι(1),
545 532 668 595 liberius
690 524 885 615 loquebatur,
913 541 944 596 et
961 542 1059 616 tprau·

131 648 205 691 num
225 649 285 694 non
300 630 455 692 Ierendum
473 628 638 692 dictitabat.

169 724 247 788 VIII.
271 725 350 789 Haec
366 726 417 788 ille
434 726 567 804 intuens,
588 744 669 803 cum,
696 725 950 807 quemadmodum
971 729 1059 793 seda·

131 832 190 900 ret,
210 825 350 900 nesciret,
370 833 399 886 et
417 843 558 906 quorsum
578 824 748 901 evaderent,
770 823 899 901 timaret,
916 823 1059 889 Callicra-

43 956 47 961 ·
130 927 173 981 tes
192 919 240 1001 (2)
271 921 413 1002 quidam,
433 922 505 984 ciris
530 921 726 997 atheniensis,
751 921 802 1002 qui
824 922 913 984 simul
937 941 1005 985 cum
1025 942 1060 987 eo

131 1035 164 1078 ex
180 1016 385 1099 Peloponneso
403 1019 435 1080 iu
464 1016 596 1081 Siciliam
614 1027 752 1095 venerat,
773 1019 861 1080 homo
885 1027 915 1082 et
933 1020 1059 1084 callidus

128 1114 211 1176 etad
230 1116 364 1178 fraudem
383 1126 500 1194 acutus,
520 1117 585 1180 siue
603 1117 666 1178 ulla
682 1116 829 1194 religione
847 1135 881 1178 ao
905 1117 975 1194 lide,
998 1119 1059 1182 adit

128 1210 164 1271 ad
181 1209 320 1290 Ilionam,
338 1214 431 1275 otait:
449 1231 515 1276 eum
532 1214 568 1276 io
581 1230 691 1295 mopoo
705 1213 838 1293 periclito
849 1231 918 1290 esse,
934 1202 1060 1294 propter

126 1309 315 1388 offensionem
328 1312 433 1391 populi
447 1321 474 1373 et
496 1311 597 1374 oda'um
621 1311 767 1384 militarum
780 1311 857 1389 qood
874 1311 1058 1375 nullomodo

125 1407 235 1470 eoitore
247 1415 358 1486 posset,
379 1409 438 1470 nisi
457 1408 549 1470 elicui
571 1425 695 1470 suorum
713 1408 864 1487 capotium
889 1409 985 1486 deret,
1006 1426 1061 1488 ool*

126 1518 156 1563 se
171 1503 327 1569 slmoloret
347 1504 393 1566 illi
406 1504 576 1567 introirem:
589 1522 673 1584 quem
689 1507 716 1567 si
734 1506 888 1568 tumuisset
902 1506 1054 1585 idoneum,

123 1599 212 1678 focile
225 1602 357 1664 omnium
374 1602 491 1664 animos
512 1602 721 1681 oopoitorom,
742 1603 985 1682 adversariosque
1002 1621 1057 1667 su·-

125 1697 289 1773 dlotorom,
309 1700 387 1778 quod
397 1699 515 1762 inimici
525 1699 589 1762 elus
604 1699 759 1763 dimittenti
775 1717 957 1762 colossenses
970 1717 1057 1781 oper-

124 1793 189 1856 tora'
205 1794 317 1873 forent.
344 1795 408 1859 Tali
434 1797 558 1858 oonsilio
584 1796 728 1877 probato,
754 1796 861 1877 excipit
881 1797 934 1858 has
957 1808 1055 1878 partes

122 1890 187 1972 ipse
210 1891 396 1972 Callicrates,
417 1902 446 1956 et
463 1912 495 1955 se
513 1903 608 1955 armat
636 1894 836 1974 imprudentia
863 1892 978 1957 lliouis.
1009 1894 1052 1956 hd

124 2007 192 2052 eum
218 1989 458 2054 interlicIendum
484 1991 581 2053 socios
606 1991 766 2072 conquirit;
786 1977 970 2053 adversarios
988 1991 1056 2055 eius

122 2087 282 2164 convenit,
303 2088 540 2151 coniurationem
568 2089 736 2149 confirmat.
766 2086 837 2160 Res,
857 2087 958 2149 multis
976 2107 1051 2151 eou-

121 2183 193 2247 sciis
213 2203 289 2265 quae
306 2194 469 2265 gereretur,
486 2186 577 2263 elata,
602 2184 734 2247 defertur
751 2185 788 2246 ad
810 2183 1051 2264 Aristomachen,

121 2299 256 2343 sororem
276 2281 392 2359 IlionIs,
407 2300 590 2363 uxoremque
606 2279 726 2344 hreteo.
747 2280 830 2357 Illae,
856 2281 964 2343 timore
980 2300 1052 2364 per-

123 2378 256 2454 temitae,
274 2379 454 2442 conveniunt
473 2379 520 2461 (3)
536 2379 621 2440 ouius
633 2377 669 2440 de
687 2378 820 2459 periculo
837 2378 995 2442 lImehaut.
1010 2378 1053 2443 'ht

120 2475 170 2536 ille
185 2483 283 2555 negat,
304 2495 321 2537 a
339 2475 492 2539 Callicrate
510 2475 575 2537 lieri
588 2474 646 2537 sihi
664 2475 800 2552 insidias,
816 2477 867 2537 sed
888 2476 951 2554 illa,
972 2495 1053 2558 quae

30 2588 33 2595 ·
121 2581 291 2650 agerentur,
315 2573 380 2636 heri
398 2580 555 2655 praecepto
583 2591 649 2634 suo.
673 2571 810 2636 Mulieres
836 2572 1048 2638 nihilosecius

120 2667 305 2734 Callicratem
326 2671 356 2736 in
375 2670 478 2734 aedem
500 2669 696 2752 Proserpinae
705 2671 752 2751 (l)
772 2670 933 2746 deducunt,
954 2690 989 2733 ao
1006 2672 1053 2734 iu·

120 2785 188 2831 rare
206 2775 314 2848 cogunt
330 2767 407 2829 -nihil
431 2767 469 2830 ah
487 2768 538 2830 illo
566 2767 691 2849 periculi
713 2768 777 2831 fore
801 2768 901 2870 Ilioni.
920 2767 973 2832 Ille
992 2769 1052 2834 har

150 2943 182 3001 ll)
196 2944 230 2991 llo
251 2943 316 3001 quod
338 2944 486 2990 cunctantius
510 2955 579 3001 quam
596 2944 694 2989 militum
715 2945 784 2990 armls
799 2943 829 2994 ad
844 2945 982 3003 potestatem
997 2957 1052 2991 ere·

119 3013 183 3058 ctum
198 3012 312 3071 deceret,
336 3012 422 3057 civium
440 3010 559 3057 lnruderet
574 3010 650 3071 bona,
666 3013 691 3056 ut
706 3011 777 3057 avidis
796 3012 841 3056 Illis
864 3022 951 3056 morem
966 3023 1053 3068 gerere

123 3083 208 3137 posset.

150 3146 183 3204 (2)
195 3147 261 3193 lluno
273 3149 402 3208 Callippum
417 3147 488 3194 ccterl
500 3147 601 3208 htslorirl
618 3150 709 3193 vocant.

151 3214 183 3272 (ὅ)
198 3215 284 3272 Nempe
300 3217 405 3261 lllonem.
429 3212 433 3219 '

150 3281 181 3338 lt)
194 3282 259 3338 Quae
269 3293 316 3327 una
327 3295 381 3328 curu
396 3283 479 3328 Cerere
495 3283 621 3341 praecipua
631 3282 742 3339 rellglone
758 3283 783 3328 ln
798 3282 877 3328 slcllla
892 3282 983 3328 exculta
998 3287 1051 3342 eol,

121 3349 154 3392 lto
168 3347 195 3393 ut
206 3349 312 3393 omnium
323 3349 493 3395 sanctissimum
507 3350 672 3395 iusiurandum
690 3349 830 3405 haberetur,
846 3348 911 3405 quod
926 3351 950 3395 ln
967 3361 1051 3397 earum

121 3413 207 3473 templo
222 3412 305 3474 hebel,
319 3417 362 3473 qut
376 3418 453 3462 autem
468 3417 592 3476 iurarent,
612 3428 719 3476 purpura
734 3415 796 3460 Deae
820 3416 909 3475 undull,
925 3426 1051 3464 accensam

119 3491 193 3526 manu
208 3479 283 3526 lacem
298 3493 312 3527 o
328 3483 373 3529 rilu
389 3483 506 3533 rerehuol.
