2452 3938
524 246 661 292 marsuas
1010 230 1051 293 93

126 337 309 420 expeditam.
330 337 399 400 Erat
427 355 495 400 curn
520 357 556 400 eo
575 337 848 414 Mithrobarzanes,
871 356 957 400 socer
973 338 1051 415 eius,

128 435 296 517 praefectus
314 434 459 516 equitum.
473 433 519 519 is,
538 434 701 516 desperatis
717 434 819 513 generi
830 434 931 512 rebus,
951 435 988 497 ad
1001 435 1055 499 bo·

126 542 190 595 stes
206 531 374 610 transfugit.
394 529 427 592 ld
441 530 579 594 Datames
594 541 627 593 ut
640 531 763 608 audivit,
777 531 883 608 sensit,
898 531 926 593 si
942 532 974 593 in
987 542 1052 594 tur-

127 628 198 690 bam
217 629 342 704 exisset,
368 627 405 689 ab
424 626 544 690 homine
573 636 631 689 tam
658 628 825 691 necessario
851 646 884 691 se
901 628 1049 704 relictum,

126 725 260 787 futurum
273 732 306 786 ut
316 721 406 786 ceteri
420 722 577 803 consilium
595 734 801 804 sequerentur.
816 721 960 802 Inrulgus
979 725 1050 786 edit:

126 823 191 888 Sao
206 821 292 884 iussn
309 821 581 884 Mithrobarzanem
590 820 756 900 profectum
766 838 823 900 pro
834 821 976 902 perfuga,
996 839 1053 901 quo

126 919 250 1001 facilius
269 925 400 997 receptus
409 918 501 980 laertes
519 918 705 996 interficeret.
722 917 821 992 Quare
837 918 971 998 relinqui
986 935 1055 981 curn

127 1033 193 1079 non
206 1032 266 1095 pur
278 1032 349 1090 esce,
367 1015 417 1077 aad
427 1031 524 1077 ornnes
540 1015 694 1093 confestim
704 1015 795 1093 aequi.
811 1014 895 1088 Quod
909 1015 937 1077 ai
950 1015 1054 1078 enimc

126 1121 252 1176 strenae
272 1111 422 1190 secarent,
444 1113 585 1192 tatanem
608 1119 642 1174 nt
663 1111 830 1174 otonoarb·
855 1128 914 1172 non
935 1120 1054 1191 possent
1125 1132 1128 1137 ·

127 1208 280 1284 rcairtcra,
293 1225 361 1271 cnm
376 1208 498 1271 et'a'ntrc
515 1207 626 1271 callum
643 1216 670 1270 at
686 1207 764 1286 foris
777 1206 978 1270 caederentur.
993 1206 1054 1269 Hac

127 1323 163 1368 re
188 1305 334 1385 probata,
353 1304 513 1366 exercitum
533 1304 648 1366 educit:
667 1302 930 1365 Mithrobarzanem
949 1321 1053 1384 perse-

128 1401 246 1484 quitur,
266 1402 317 1481 qui
333 1409 445 1463 tanturn
465 1400 545 1480 quod
565 1401 612 1481 (l)
629 1400 664 1462 ad
680 1400 779 1463 hostes
794 1411 981 1481 pervenerat,
996 1399 1054 1461 Da·

127 1508 226 1560 tames
251 1498 335 1576 signa
351 1497 454 1559 inferri
471 1497 564 1560 iubet.
584 1496 720 1575 Pisidae,
745 1516 820 1558 nora
841 1515 873 1559 re
898 1497 1052 1573 commoti,

128 1595 163 1657 in
180 1593 351 1675 opinionem
370 1594 557 1656 adducuntur
570 1595 707 1675 perfugas
729 1594 807 1657 rnala
821 1593 878 1656 fide
902 1592 1053 1674 composi·-

130 1700 224 1772 toque
234 1689 351 1767 fecisse,
364 1698 407 1767 ut,
426 1690 548 1770 recepti,
568 1699 667 1753 essent
684 1691 790 1753 maiori
804 1689 977 1752 calamitati.
990 1688 1053 1752 Pri·

131 1804 215 1856 mum
227 1805 279 1850 eos
291 1786 476 1849 adoriuntur.
490 1784 548 1860 Illi,
567 1780 720 1867 numquid
735 1796 885 1866 ageretur,
897 1795 948 1848 aut
959 1805 1051 1869 quare

129 1884 230 1960 fieret,
242 1884 426 1962 ignorarent,
442 1883 751 1969 coactisuntcumeis
769 1901 913 1964 pugnare,
932 1882 968 1945 ad
980 1900 1055 1962 quos

131 1981 326 2054 transierant,
346 1979 382 2041 ab
402 1979 508 2060 hisque
520 1987 609 2055 stare,
625 1998 699 2059 quos
712 1979 905 2060 reliquerant.
925 1976 1053 2055 Quibus,

128 2095 200 2139 cum
220 2076 319 2139 neutri
336 2087 503 2156 parcerent,
523 2076 660 2138 celeriter
678 2085 747 2137 sunt
769 2074 893 2137 cononi.
912 2073 1054 2156 Reliquos

130 2171 246 2235 Pisidas
263 2172 435 2235 resistentes
450 2170 587 2234 Datames
604 2172 728 2249 invadit,
745 2171 841 2253 primo
859 2173 973 2252 impetu
992 2172 1055 2252 pel-

132 2269 187 2353 tic,
198 2269 346 2349 fugientes
363 2270 562 2351 persequitur,
580 2269 688 2331 multos
702 2269 864 2344 interficit,
880 2281 977 2331 castra
994 2269 1052 2331 bo·

132 2366 224 2428 stium
241 2366 331 2447 capit.
358 2365 422 2428 Tali
445 2365 569 2428 consilio
591 2383 651 2429 uno
680 2362 814 2448 tempore
832 2374 862 2429 et
886 2354 1067 2448 proditores

134 2462 261 2543 percutit
275 2472 305 2524 et
323 2462 422 2525 hostes
435 2463 618 2544 profligavit;
644 2471 674 2526 et
690 2463 769 2545 quod
786 2463 823 2526 ad
840 2482 924 2526 suam
946 2463 1050 2545 perni-

133 2559 211 2621 ciem
234 2559 331 2621 iuerat
355 2560 533 2638 cogitatum,
562 2560 590 2622 id
615 2560 794 2623 adsalutem
814 2561 967 2624 conuertit.
987 2559 1051 2632 Quo

135 2673 233 2737 neque
246 2655 361 2719 raudus
379 2656 469 2719 ullius
487 2657 674 2738 imperatoris
696 2660 868 2738 cogitatum,
891 2677 989 2740 neque
1006 2676 1055 2719 oe·

135 2751 227 2815 larius
244 2753 354 2815 facturn
372 2772 498 2834 usquam
517 2754 654 2834 legimus.
675 2776 679 2780 ·

126 2910 128 2914 .
179 2847 241 2912 VM.
261 2848 306 2912 Ab
318 2850 557 2913 hoctamenviro
571 2849 710 2926 Scismas,
730 2852 874 2913 maximus
887 2859 957 2912 natu
975 2849 1054 2910 filius

136 2945 251 3022 desciit,
274 2947 311 3008 ad
326 2965 424 3025 regem
444 2948 572 3025 transiit,
599 2957 628 3010 et
645 2948 681 3010 de
695 2947 862 3010 defectione
883 2947 975 3029 patris
997 2946 1054 3010 de-

135 3043 212 3105 tulit.
227 3039 296 3114 Quo
315 3045 424 3107 nuncio
446 3045 617 3107 Artaxerxes
635 3053 818 3122 commotus,-
837 3045 916 3126 quod
938 3044 1052 3107 intelli-

70 3200 75 3205 .
135 3139 223 3218 gebat
239 3139 298 3204 sibi
323 3150 390 3203 curn
414 3143 477 3204 viro
499 3143 568 3204 forti
593 3161 627 3203 ac
646 3151 765 3205 strenuo
788 3142 939 3222 negotium
963 3160 1050 3219 esse,

136 3237 200 3318 qui,
213 3256 310 3322 quum
323 3239 491 3318 cogitasset,
507 3240 604 3302 facere
623 3238 757 3318 auderet,
777 3247 807 3303 et
825 3239 906 3322 prins
924 3239 1052 3319 cogitare

140 3403 196 3514 ‘tlt
214 3404 314 3458 ibrum
332 3407 409 3468 quod,
420 3419 504 3466 graeoa
517 3408 627 3466 loquendi
643 3410 702 3456 ratio
724 3420 768 3469 pro
793 3420 822 3456 eo
851 3407 993 3468 quodenset
1011 3411 1055 3454 cta

154 3485 202 3518 uttt.
