2452 3938
386 271 471 317 rmus
488 269 651 317 ronronrus
669 269 791 317 arrrcus
989 252 1048 316 llll

130 363 206 427 urbe
229 368 388 438 natusest,
407 361 439 423 in
459 380 517 443 qua
543 361 726 425 domicilium
745 359 825 423 urhis
843 367 989 423 terrarum
1003 378 1050 424 es·

132 469 178 523 set
194 458 322 539 imperii,
344 466 377 520 ut
394 459 529 521 eamdem
547 466 576 520 et
591 458 715 541 patriam
729 457 852 520 haberet
866 463 895 519 et
915 456 1049 533 dumum;

132 556 189 618 huc
208 554 357 638 specimen
379 555 563 637 prudentiae,
585 556 676 636 quod,
696 573 763 617 curn
782 554 812 616 in
834 572 898 617 eam
918 571 950 616 se
976 552 1050 615 ciui-

133 661 224 714 tatem
242 651 433 728 contulisset,
457 670 532 732 quae
552 651 745 733 antiquitate,
766 650 968 728 humanitate,
994 649 1050 712 do·

133 748 228 810 ctrina
246 755 411 830 praestaret
433 765 549 826 ornares,
569 747 597 810 ei
617 767 694 810 unus
713 755 782 811 ante
800 748 874 810 alios
897 746 985 810 suerit
1002 765 1052 808 ca·

132 844 279 906 tissimus,

175 939 223 1002 lv.
249 939 313 1002 Huc
338 958 373 1001 ex
395 939 465 1002 Asia
481 936 559 1022 Sylla
577 939 724 1002 decedens
748 940 794 1020 (l)
823 957 890 1001 curn
907 936 1114 1016 larissenae
1130 960 1138 1004 εἸ

131 1037 277 1118 quamdiu
294 1035 336 1097 ibi
353 1035 426 1114 luit,
456 1055 556 1098 secum
582 1035 685 1099 habuit
712 1035 928 1116 Pomponium,
947 1043 1050 1116 captus

133 1132 328 1195 adolescentis
352 1132 534 1195 humanitate
561 1142 590 1194 et
612 1133 755 1195 doctrina.
779 1129 826 1194 Sic
849 1132 927 1194 enirn
946 1148 1051 1209 graece

133 1228 320 1310 loquebatur,
344 1236 378 1290 ut
404 1228 525 1290 Athenis
551 1236 638 1290 natus
657 1229 815 1290 videretur.
837 1227 930 1289 'lanta
950 1233 1049 1288 autern

133 1334 196 1388 erat
213 1325 341 1390 suavitas
359 1326 505 1387 sermonis
524 1325 627 1402 latini,
647 1335 681 1387 ut
707 1332 862 1406 appareret
879 1323 910 1389 in
933 1340 967 1385 eu
995 1340 1051 1384 na·
1075 1387 1076 1390 ,

134 1422 224 1484 tivum
254 1421 410 1503 quemdam
440 1422 572 1502 leporem
591 1414 675 1499 esse,
702 1440 762 1484 nou
786 1419 943 1483 adscitum.
969 1417 1070 1480 ldem·

132 1523 269 1599 poemata
279 1518 326 1600 (d)
340 1518 555 1600 pronunciabat
572 1527 602 1582 et
619 1537 722 1598 graece
737 1526 766 1581 et
781 1517 871 1580 latine
883 1516 937 1592 sic,
956 1524 989 1577 ut
1003 1533 1052 1576 su·

133 1632 187 1694 pra
202 1615 275 1676 nihil
287 1615 476 1696 possetaddi.
490 1613 602 1686 Quibus
624 1616 713 1680 rebus
732 1614 840 1677 lactum
861 1622 916 1690 est,
931 1621 963 1675 ut
974 1608 1052 1694 Sylla

133 1729 279 1792 nusquam
291 1729 358 1772 euru
370 1729 426 1773 ase
438 1712 609 1787 dimitteret,
623 1719 802 1793 cuperetque
811 1729 912 1773 secum
925 1709 1051 1771 deduce·

132 1824 175 1867 re.
185 1805 238 1868 Cui
249 1825 315 1867 cunr
328 1807 504 1886 persuadere
514 1815 649 1869 tentaret:
663 1807 843 1883 caldecote,
857 1806 954 1887 inquit
964 1804 1069 1866 Pom·
1085 1804 1095 1819 “

129 1902 251 1993 penius,
271 1903 426 1964 adversum
445 1920 492 1965 aus
512 1920 558 1965 me
571 1903 642 1965 uelle
661 1904 787 1979 ducere,
807 1919 875 1964 cunt
892 1903 996 1980 quidus
1013 1917 1052 1963 aa

130 2003 272 2060 centrata
290 2013 376 2060 arma
391 1997 515 2077 serrem,
534 1999 653 2062 ltaliam
669 1999 786 2078 reliqui.
812 1997 850 2060 At
867 1995 956 2079 Sylla,
975 1996 1050 2058 ado-

131 2093 270 2155 lescentis
297 2093 392 2155 officie
417 2095 603 2174 collaudato,
627 2096 728 2159 omnia
757 2113 881 2158 munera
904 2095 950 2171 ei,
973 2111 1050 2175 quac

131 2189 438 2272 rltheuisacceperat,
458 2192 645 2272 proficiscens
662 2192 748 2255 iussit
770 2191 888 2254 deferri.
905 2190 958 2254 Hie
971 2208 1052 2253 com·

132 2285 231 2365 plures
247 2304 341 2348 annus
353 2295 497 2365 muratus,
517 2305 585 2351 curn
597 2297 626 2351 et
643 2288 686 2352 rei
695 2288 836 2351 familiari
853 2295 966 2350 tantum
980 2305 1050 2368 upe-

129 2400 182 2450 ,rae
206 2383 307 2459 daret,
327 2393 469 2464 quantum
489 2403 548 2446 non
566 2383 722 2464 indiligens
745 2374 868 2468 deberet
883 2382 1057 2466 paterfamir

130 2477 197 2554 lias,
210 2489 239 2541 et
257 2480 356 2542 omnia
369 2481 484 2562 reliqua
496 2488 628 2563 tempora
643 2491 693 2544 aut
712 2481 816 2545 litteris
825 2490 876 2545 aut
888 2480 1051 2545 Athenian·

128 2574 207 2636 aium
222 2576 402 2657 reipublicae
414 2577 568 2657 tribueret,
588 2579 680 2642 nihilo
699 2579 797 2642 minus
812 2580 916 2642 amicis
934 2577 1049 2643 urbana

128 2672 225 2733 officia
237 2673 392 2752 praestitit.
404 2673 476 2737 Nam
493 2684 522 2738 et
533 2677 568 2738 ad
581 2672 812 2740 comitiacorum
825 2676 1045 2757 ventitavitl3);
1127 2726 1130 2730 .

129 2775 171 2842 et,
191 2767 215 2828 si
234 2783 293 2849 qua
309 2787 357 2831 res
379 2771 556 2834 malecauta
574 2782 619 2834 est
629 2817 642 2848 „
658 2791 718 2835 non
736 2773 845 2836 deluit:
866 2773 944 2836 sicut
960 2770 1046 2835 llice-

130 2863 206 2939 reni,
221 2864 251 2925 in
264 2866 401 2928 omnibus
418 2866 483 2929 eius
497 2868 649 2948 periculis,
665 2869 842 2947 singularem
856 2869 942 2932 lidern
957 2885 1046 2950 prae-

130 2958 205 3035 buit;
225 2962 325 3024 culex
345 2963 439 3044 patria
461 2964 585 3053 fugienti
606 2964 653 3045 (l)
682 2965 849 3028 sestertium
873 2967 1001 3029 ducenta
1018 2971 1050 3029 et
1133 3045 1139 3077 ¹

157 3201 189 3257 (l)
206 3202 317 3251 Contactu
328 3203 482 3252 mithrldatlco
494 3206 566 3254 bello.

157 3268 187 3328 (2)
200 3273 315 3319 carmina.

128 3336 349 3460 agqqqrqtqrqomltta,
364 3341 389 3386 ln
402 3340 488 3424 qulbus
503 3343 594 3402 allquld
615 3344 696 3392 amlcls
712 3345 755 3405 vel⁴
765 3344 856 3405 nuum
871 3346 908 3397 vel
922 3346 1060 3403 metesinum

158 3471 190 3530 qt)
205 3473 302 3535 Propter
310 3474 386 3523 cladll
395 3475 579 3528 erluluatlonea.
