2452 3938
565 253 639 298 arod
1026 239 1065 301 ii

118 346 282 427 religione
297 365 357 408 uon
375 346 464 409 modo
483 345 520 408 ah
538 345 657 428 incepto
677 365 737 408 nou
761 347 931 424 deterritus,
951 347 1003 410 sed
1029 347 1067 409 ad

121 443 352 507 {maturandum
371 443 537 506 concitatus
556 451 613 519 est,
631 461 736 505 verens
755 444 890 524 ueprius
908 444 1067 506 consilium
1110 510 1113 514 ,

122 541 309 625 aperiretur
325 558 425 617 suum,
442 558 531 620 quam
546 547 653 606 conata
670 539 856 620 perfecisset.

177 635 230 699 lx:
250 635 312 698 Hae
329 645 441 713 mente,
459 635 600 717 proximo<
614 634 663 698 die
679 637 756 697 iesto
780 636 839 717 (i),
863 654 930 698 cum
951 654 967 696 a
992 654 1147 714 con-„33

124 743 229 798 ventu
240 741 389 795 remotum
408 751 440 795 se
453 731 529 794 Dion
542 731 623 794 domi
642 740 769 809 teneret,
785 741 875 814 atque
888 732 920 793 iu
936 732 1070 794 conclavi

120 831 221 896 edito
232 829 431 906 recubuisset,
453 827 581 890 consciis
591 828 656 890 ioca
668 828 829 890 monitoria
848 828 950 910 oppidi
966 828 1067 905 tradit,

122 929 264 992 domum
276 926 450 988 custodibus
462 925 551 1006 sepit,
572 923 715 987 aiorihus
729 925 780 1006 qui
794 943 856 987 non
869 925 1068 1001 discederent,

121 1035 238 1089 certos
256 1023 399 1104 praeficit.
417 1020 527 1084 Narem
548 1021 699 1084 triremem
718 1022 949 1097 armatisomat,
969 1021 1070 1083 Phiio-

123 1129 296 1201 straioque
311 1119 396 1182 iratri
409 1137 463 1182 suo
480 1119 581 1194 tradit,
602 1136 729 1199 eamque
744 1117 776 1179 in
791 1127 880 1198 portu
895 1118 999 1195 agitari
1019 1118 1069 1179 iu·

128 1219 202 1295 hei,
223 1227 258 1278 ut
286 1217 311 1278 si
330 1234 468 1279 exercere
494 1215 621 1293 remiges
638 1215 749 1292 reilet;
779 1215 922 1292 cogitans,
946 1213 971 1274 si
994 1215 1069 1276 iorto

132 1304 279 1379 cousiiiis
297 1312 462 1376 obstitisset
477 1313 608 1389 iortuua,
629 1320 662 1373 ut
680 1310 804 1374 haberet
821 1330 880 1392 quo
900 1311 1016 1388 fugeret
1033 1309 1070 1371 ad

128 1413 282 1476 salutem.
305 1408 433 1472 Suomm
449 1417 548 1472 autem
567 1427 584 1470 e
605 1417 731 1471 numero
748 1407 924 1490 Zacynthios
941 1407 988 1487 (i)
1001 1406 1071 1470 ado-

129 1509 289 1572 lescentes
302 1507 445 1589 quosdam
462 1505 556 1584 eligit,
575 1524 642 1567 cum
661 1505 886 1582 audacissimos,
914 1513 977 1567 tum
997 1504 1069 1567 riri·

133 1605 198 1669 hus
220 1603 372 1682 maximis,
387 1603 493 1683 hisque
511 1603 561 1664 dat
578 1603 742 1681 negotium,
763 1610 797 1665 ut
809 1602 845 1664 ad
860 1601 985 1664 Dionem
1001 1612 1071 1664 caut

133 1704 288 1779 inermes3
309 1701 364 1778 sic,
383 1701 427 1763 uti
439 1700 634 1763 conveniendi
653 1701 718 1762 eius
731 1700 825 1779 gratia
840 1700 1012 1763 viderentur
1026 1719 1073 1763 ve-

134 1801 223 1863 nire.
244 1797 281 1860 iii
300 1807 422 1880 propter
446 1798 582 1859 notitiam
602 1797 649 1878 (3)
667 1807 738 1860 suut
759 1797 937 1859 intromissi.
958 1797 996 1860 ht
1013 1797 1069 1874 iiii,

133 1907 175 1961 ut
190 1897 285 1960 limen
304 1897 368 1957 eius
386 1896 544 1971 intrarunt,
564 1893 678 1956 iorihus
698 1895 853 1972 obseratis,
874 1895 904 1955 iu
924 1895 1000 1957 lecto
1015 1915 1070 1958 cu-

134 1994 267 2066 hauiem
287 1991 442 2068 invadunt,
459 1993 609 2071 eoiiigant:
626 1992 659 2053 fit
672 1992 827 2074 strepitus,
845 1992 919 2053 adeo
939 2001 972 2053 ut
984 2010 1072 2053 exau-

136 2091 203 2154 diri
220 2089 316 2173 possit
327 2089 409 2150 ioris.
423 2087 489 2164 Hic,
502 2088 661 2150 sicutaute
675 2087 785 2150 dictum
805 2095 861 2165 est,
876 2083 964 2168 quam
976 2088 1072 2151 invisa

131 2189 184 2251 sit
203 2185 364 2264 singularis
382 2185 534 2266 potentia,
559 2193 589 2247 ei
615 2184 785 2246 miseranda
803 2185 881 2261 vita,
902 2184 953 2266 qui
976 2185 1024 2268 (i)
1039 2204 1072 2247 se

136 2285 240 2349 necor·
258 2301 347 2363 quom
363 2283 463 2345 umori
483 2282 608 2359 malunt,
624 2282 718 2343 cuivis
735 2281 821 2344 iaciie
833 2282 986 2346 iuteiiectu
1003 2283 1071 2347 iuit.
1161 2311 1163 2314 ·

138 2379 281 2464 Namque
301 2379 346 2442 iiii
368 2380 426 2461 ipsi
445 2379 599 2455 custodes,
622 2379 648 2441 si
671 2379 799 2461 propitia
816 2379 943 2444 inissent
965 2381 1072 2444 volun·

87 2561 90 2566 .
144 2489 232 2556 tate,
263 2477 378 2540 foribus
397 2477 525 2539 effractis
544 2494 662 2563 serrare
695 2495 763 2539 eum
787 2478 969 2559 potuissent,
992 2480 1073 2562 quod

143 2575 192 2637 iiii
209 2575 359 2653 inermes,
381 2575 472 2637 teium
490 2573 563 2636 ioris
594 2574 782 2653 flagitantes,
801 2574 899 2638 vivum
918 2561 1070 2642 tenebant.

146 2670 202 2735 cui
219 2690 288 2734 cum
304 2680 492 2734 succurreret
510 2689 615 2749 nemo,
644 2669 720 2752 Lyco
740 2672 860 2754 quidam
879 2692 1074 2756 syracusanus

150 2786 203 2849 per
219 2769 364 2831 ienestras
386 2768 517 2848 gladium
535 2768 627 2845 dedit,
654 2787 712 2848 quo
733 2767 808 2831 Dion
826 2770 999 2833 interiectus
1015 2781 1071 2835 est.

190 2864 226 2929 X.
246 2866 386 2940 Confecta
399 2866 500 2943 caede,
519 2884 586 2928 cum
605 2865 763 2929 multitudo
782 2866 894 2928 risendi
912 2868 1006 2945 gratia
1023 2869 1073 2931 in·

155 2963 280 3041 troisset,
296 2963 433 3025 nonnulii
448 2963 485 3024 ah
501 2962 602 3024 inseiis
617 2962 664 3043 (5)
682 2980 734 3043 pro
754 2963 849 3024 noxiis
863 2963 1071 3030 conciduntur.

178 3136 210 3194 ti)
223 3137 381 3196 Proserpinae
393 3148 468 3182 sacro,

182 3204 211 3258 (2)
227 3204 338 3261 Zacynthi
353 3204 457 3262 (laute)
474 3205 497 3248 iu
510 3203 586 3249 insuia
599 3203 669 3264 ortos,
685 3216 698 3250 e
713 3205 809 3262 regione
824 3205 985 3265 i'eiopounesi.

183 3269 384 3325 i5i1ta1.:·Pcrehi
394 3283 450 3315 eron
462 3271 560 3316 comedi
573 3283 635 3316 enee.
826 3290 829 3295 ·

183 3339 212 3391 it*
225 3337 335 3396 lniciiige
350 3351 437 3396 eorum,
448 3342 489 3396 qni
503 3340 547 3385 etc.

155 3406 212 3516 1,(5)
219 3405 261 3520 tAb
275 3407 321 3468 iia,
340 3409 382 3468 qui
396 3408 475 3456 caedis
499 3409 607 3455 auctores
631 3409 777 3472 nescientes,
797 3409 872 3458 ultum
887 3412 985 3459 hionem
1003 3412 1076 3460 advo·

167 3485 216 3521 areu
230 3507 235 3520 .
