2452 3938
514 225 662 271 rinonron
985 208 1044 272 tet

119 314 261 398 laetisque
279 332 449 396 oppressam
469 316 529 398 (i),
550 335 604 379 suo
623 317 751 379 adventu
766 315 798 379 in
817 314 974 399 pristinum
995 337 1045 379 re-

120 416 267 480 stitueret.
290 410 348 474 Sed
374 411 405 474 in
430 412 478 474 his
503 412 593 476 rebus
621 432 681 475 non
707 413 836 496 simplici
859 415 978 478 lortune
997 414 1045 496 (l)

120 510 309 574 conflictatus
320 499 375 571 est:
393 518 433 587 et,
449 510 478 571 id
493 510 571 591 quod
584 509 733 573 difficilius
749 518 870 592 putatur
877 512 937 593 (3),
953 514 1046 575 multo

121 607 286 689 sapientius
308 605 375 667 tulit
403 608 563 669 secundam
590 625 679 689 quarn
707 608 860 670 adversam
883 609 1043 672 fortunam.

120 704 194 767 llam
213 721 280 765 cum
297 702 389 765 irater
403 703 467 765 cius
485 703 698 784 Timophanes,
715 704 774 766 dux
788 723 806 768 a
821 704 982 767 Corinthiis
995 707 1048 767 de-

120 803 227 898 lectus,
243 799 428 881 tyrannidem
446 818 499 880 per
518 801 627 863 milites
641 802 841 863 mercenarios
860 811 1046 884 occupasset,

122 898 329 980 particepsque
346 895 429 974 regni
447 906 550 976 posset
568 916 645 974 esse,
668 904 782 959 tantum
801 897 898 961 abfuit
915 918 932 960 a
950 899 1048 960 socie-

122 1004 183 1058 tate
203 994 336 1070 sceleris,
360 1002 394 1056 ut
417 994 589 1056 antetulerit
605 1011 727 1056 suorum
752 994 859 1057 civium
877 995 1046 1058 libertatem

123 1091 222 1155 lratris
245 1091 346 1168 saluti,
374 1098 402 1153 et
420 1091 534 1171 patriae
552 1090 667 1169 legibus
693 1090 899 1172 obtemperare
917 1093 1050 1154 sanctius

124 1187 251 1265 duxerit,
271 1205 360 1269 quam
380 1186 526 1268 imperare
545 1187 668 1269 patriae.
696 1185 758 1248 Hac
780 1195 898 1262 mente,
918 1206 971 1269 per
993 1189 1047 1250 lra-

123 1284 273 1365 rnspiocm
289 1301 537 1364 communemque
552 1284 683 1359 affinem,
704 1282 753 1345 cni
770 1301 867 1359 soror,
883 1302 917 1347 ex
936 1284 1047 1346 eisdem

124 1380 297 1464 parentibus
315 1390 396 1457 nata,
415 1389 507 1462 nupta
517 1370 599 1457 erat,
619 1380 739 1442 fratrem
758 1388 913 1460 tyrannum
931 1380 1048 1442 interli-

124 1477 263 1540 ciendum
285 1477 409 1539 curavit.
433 1477 499 1558 lpse
524 1496 583 1540 uon
612 1476 700 1539 modo
721 1495 826 1538 monus
844 1496 903 1538 non
931 1476 1047 1553 attulit,

124 1575 177 1666 ¹sed
193 1592 232 1636 ne
254 1574 387 1655 aspicere
410 1574 531 1656 quidem
558 1574 720 1637 fraternum
744 1575 917 1654 sanguinem
944 1573 1047 1636 voluit.

120 1671 220 1749 llam,
246 1671 316 1733 dum
335 1666 383 1733 res
402 1671 616 1748 conficeretur,
630 1671 738 1752 procul
758 1671 789 1732 in
811 1660 1048 1751 praesidiatum,

126 1767 254 1850 nequis
283 1767 400 1830 satelles
424 1777 523 1848 posset
551 1785 736 1830 succurrere.
759 1765 821 1828 Hoc
846 1767 1049 1848 praeclarissi-

127 1882 207 1927 mum
220 1863 284 1926 eius
303 1863 418 1926 facinus
438 1883 498 1925 non
517 1863 681 1944 parimodo
701 1862 857 1944 probatum
869 1872 915 1925 est
932 1863 969 1931 ab
983 1881 1050 1926 om-

127 1960 226 2023 nibus.
245 1957 385 2022 Nonnulli
397 1958 476 2029 enirn
497 1961 606 2022 laesam
625 1959 662 2022 ab
681 1978 715 2022 eo
734 1959 874 2040 pietatem
893 1958 1047 2040 putabant3

128 2068 157 2121 et
174 2056 287 2119 invidia
301 2056 419 2118 landem
445 2056 561 2119 virtutis
580 2056 765 2120 obterebant.
785 2054 877 2118 Mater
897 2073 966 2117 vcro
985 2063 1051 2135 post

128 2153 157 2216 id
184 2152 295 2216 factum
323 2170 420 2233 neque
445 2153 565 2214 domum
584 2154 620 2215 ad
649 2171 681 2215 se
699 2151 791 2214 filiurn
817 2151 937 2214 admisit
954 2170 1051 2232 nequo

130 2249 260 2331 aspexit,
290 2249 453 2330 quiricum
480 2249 662 2311 fratricidam
692 2249 878 2330 impiumque
902 2247 1051 2310 detestans

131 2347 330 2429 compellaret.
351 2345 464 2419 Quibus
478 2347 568 2410 rebus
586 2347 659 2410 adeo
674 2354 718 2408 est
736 2351 914 2421 commotus,
933 2351 967 2406 ut
979 2362 1059 2406 nou·<

131 2452 282 2525 nunquam
299 2444 375 2506 ritae
389 2443 478 2506 finem
497 2445 595 2506 lacere
609 2443 747 2519 voluerit,
768 2452 857 2524 atque
875 2461 911 2503 ex
925 2441 1052 2521 ingrato·

132 2554 196 2603 rum
212 2539 365 2603 hominum
381 2547 540 2622 conspectu
560 2548 654 2603 morte
676 2539 832 2603 decedere.

169 2635 207 2700 Il.
227 2635 348 2699 Interim
364 2683 373 2714 ,
392 2634 488 2699 Dione
509 2635 659 2719 Syracusis
683 2636 844 2700 interiecto
861 2634 921 2718 (tl),
941 2634 1132 2717 Diony-amc

50 2754 53 2759 ·
134 2733 193 2797 sius
211 2751 314 2795 rursus
331 2731 542 2816 Syracusarum
566 2734 676 2815 potitus
703 2741 757 2796 est.
783 2732 873 2797 Cuius
891 2731 1053 2794 adversarii

135 2848 218 2913 opem
237 2849 255 2892 a
272 2828 432 2894 Corinthiis
445 2831 631 2914 petiverunt,
643 2830 821 2910 ducemque,
842 2847 900 2909 quo
925 2828 956 2889 in
975 2828 1053 2891 bello

162 3029 195 3087 ll)
206 3031 272 3080 Bello
284 3045 375 3093 eorum,
390 3034 431 3092 qul
454 3035 536 3078 contra
552 3034 662 3090 tyrannos
680 3031 764 3090 populi
785 3041 888 3077 caussam
901 3031 1054 3090 susciperent,

135 3100 300 3147 vastationibus
313 3113 369 3148 vero
384 3101 623 3158 charthaginiensium
635 3112 761 3153 armorum.

168 3167 199 3225 (2)
216 3166 261 3215 sed
275 3169 354 3215 multis
368 3167 500 3225 subitisque
511 3168 609 3213 casibus.

165 3232 196 3293 (ill
212 3234 269 3280 llam
284 3235 304 3280 al
318 3234 430 3281 adversae
450 3248 497 3280 non
512 3233 628 3292 frangunt,
644 3235 676 3290 at,
689 3232 715 3279 ul
729 3232 763 3278 all
785 3230 905 3278 Sallustius
931 3227 1057 3283 (debello

137 3302 196 3348 catil.
215 3302 257 3361 xil,
282 3303 401 3350 secundae
425 3315 463 3350 res
485 3303 624 3362 sapientium
646 3301 737 3348 anlmos
751 3298 856 3358 fatigant.
870 3297 943 3344 idulio
955 3305 1058 3341 namuro

137 3366 252 3415 difficillus
267 3370 292 3415 in
310 3371 338 3416 ils
350 3382 400 3417 seso
417 3381 540 3428 regerere
556 3371 686 3427 temperar-

167 3434 243 3494 quet
261 3437 342 3484 itione
356 3440 425 3484 rita
446 3451 470 3478 ir
519 3436 524 3441 '
