2452 3938
134 220 176 284 to
482 232 676 325 ‘elusanus

133 346 192 411 que
207 327 278 390 huic
294 326 399 403 iudici,
419 325 489 408 quid
507 327 571 388 lieri
599 327 724 403 vellent,
742 333 967 408 praeceperunt.
992 327 1052 390 Fa·

132 445 204 488 num
219 424 347 506 Neptuni
365 432 409 487 est
422 423 548 486 Taenari
568 424 628 505 (l),
644 426 724 505 quoti
736 424 841 485 uiolari
853 425 936 487 uelas
947 433 1053 505 putant

132 522 247 586 Graeci.
268 522 310 584 Eo
328 521 379 584 ille
405 521 495 583 index
512 521 654 600 confugit:
682 523 712 583 iu
731 540 783 584 ara
804 521 949 586 consedit.
969 520 1054 585 Hanc

130 619 223 695 iuxta,
242 620 339 681 locum
358 619 493 681 iecerunt
510 619 670 695 subterra,
690 637 725 680 ex
744 637 803 700 quo
825 627 925 699 posset
939 619 1053 698 audiri,

130 714 156 778 si
173 716 239 798 quis
257 715 328 796 quid
353 717 525 796 loqueretur
547 734 613 777 cum
635 715 758 793 Argilio.
777 714 841 777 Huc
868 735 904 777 er
929 716 1053 796 ephoris

130 811 250 893 quidam
268 812 495 874 descenderunt.
515 811 694 888 Pausanias,
713 822 746 874 ut
768 812 879 875 audivit
904 811 1049 890 Argilium

130 908 298 987 confugisse
316 908 347 969 in
365 927 465 986 aram,
485 908 674 990 perturbatus
691 928 726 971 eo
750 909 848 986 venit3
873 927 961 990 quem
980 929 1051 973 cum

129 1004 293 1085 supplicem
311 1004 364 1068 Dei
376 1006 527 1068 rideretin
545 1025 597 1068 ara
610 1006 762 1069 sedentem
778 1006 839 1086 (b),
854 1007 970 1086 quaerit
981 1026 1053 1071 cau·

129 1095 186 1164 sac'
197 1103 269 1183 quid
286 1103 325 1164 sit
343 1110 401 1165 tam
420 1103 577 1185 repentino
595 1103 731 1165 consilio.
751 1102 827 1164 Huic
844 1103 908 1181 ille,
924 1104 994 1184 quid
1013 1122 1051 1168 eu

127 1198 233 1262 litteris
250 1201 454 1282 comperisset,
467 1201 572 1282 aperit.
590 1200 684 1262 Tanto
701 1201 793 1280 magis
805 1199 967 1262 Pausanias
981 1220 1049 1282 per·

128 1297 275 1375 turbatus,
297 1316 381 1360 orare
395 1299 504 1380 coepit,
520 1317 558 1360 ue
569 1299 754 1375 enunciaret,
773 1304 828 1360 nec
842 1316 886 1374 se,
907 1298 1047 1360 meritum

126 1392 163 1456 de
179 1395 230 1457 illo
249 1395 371 1475 optime,
391 1395 539 1476 pmderet.
559 1393 643 1466 Quod
656 1396 682 1456 si
700 1413 765 1456 eam
784 1394 900 1456 reniam
918 1395 975 1456 sibi
991 1396 1047 1458 de-

126 1489 229 1565 lisset,
248 1490 396 1570 tantisque
417 1490 594 1572 implicitum
612 1491 701 1553 rebus
719 1489 912 1568 sublevasset,
938 1510 1048 1571 magno

126 1586 233 1648 essaei
253 1587 384 1668 praemio
403 1588 547 1648 futurum.

167 1681 202 1745 v.
219 1683 272 1745 His
297 1682 386 1746 rebus
405 1684 673 1766 ephori-cognitis,
696 1683 789 1746 satius
817 1692 995 1766 putaverunt
1014 1686 1044 1746 in

125 1779 200 1842 urbe
215 1799 283 1842 eum
301 1781 524 1862 comprehendi.
551 1780 614 1853 Quo
639 1800 705 1844 cum
732 1791 832 1843 essent
856 1781 996 1863 proiecti,
1015 1792 1048 1845 et

125 1876 298 1955 Pausanias,
318 1879 432 1960 placato
448 1877 571 1957 Argilio,
590 1887 623 1941 ut
641 1877 774 1959 putabat,
789 1876 1043 1940 Lacedaemonem

127 1983 336 2053 reverteretur;
353 1976 384 2037 iu
402 1976 520 2052 itinere,
540 1994 606 2039 cum
623 1975 681 2037 iam
700 1976 732 2038 iu
748 1995 783 2038 eo
799 1984 894 2054 esset,
915 1984 948 2038 ut
962 1994 1047 2039 com·

124 2071 369 2152 prehenderetur,
385 2092 401 2134 e
419 2074 500 2134 vultu
515 2072 670 2136 cuiusdam
684 2071 806 2153 ephori,
825 2071 877 2153 qui
896 2091 964 2135 eum
985 2073 1041 2134 ad-

123 2187 246 2233 monere
264 2170 415 2252 cupiebat,
438 2171 561 2234 insidias
586 2170 643 2233 sibi
662 2171 725 2233 lieri
750 2170 905 2233 intellexit.
925 2170 1040 2251 ltaque,

122 2266 225 2345 paucis
239 2276 307 2328 aute
319 2268 470 2344 gradibus,
490 2287 578 2348 quam
595 2268 646 2350 qui
660 2266 872 2348 sequebantur,
890 2267 920 2328 in
937 2268 1041 2329 aedem

120 2359 285 2439 Minervae,
299 2381 375 2443 quae
394 2365 576 2428 Gltulcc'ecltos
595 2373 716 2427 vocatur
733 2364 793 2445 (3),
809 2363 951 2442 confugit.
966 2363 1042 2427 Hinc

121 2474 160 2518 ne
177 2457 256 2520 exire
273 2467 385 2540 posset,
398 2462 496 2534 statim
517 2461 621 2543 ephori
634 2463 730 2522 valvas
743 2460 807 2521 eius
824 2461 905 2523 aedis
924 2460 1044 2523 obstru-

121 2564 238 2633 xerunt,
258 2565 428 2640 tectumque
442 2567 511 2621 suut
530 2558 686 2635 demoliti,
706 2576 764 2638 quo
782 2557 899 2619 facilius
916 2557 971 2619 sub
990 2558 1041 2619 dio

121 2649 267 2716 interiret.
283 2655 397 2717 Dicitur
411 2674 447 2718 eo
460 2664 593 2738 tempore
608 2664 732 2718 matrem
744 2654 909 2717 Pausaniae
921 2654 1038 2718 uixisse:

122 2769 248 2832 eamque
259 2751 318 2814 iam
334 2772 440 2832 magno
452 2763 537 2830 notu,
551 2762 706 2836 postquam
718 2755 755 2817 de
769 2754 882 2815 scelere
893 2751 946 2813 filii
959 2771 1042 2816 com·

151 2930 183 2988 (t)
198 2931 255 2977 Urbs
266 2930 377 2976 Lacontae
389 2930 441 2990 brit,
453 2943 467 2976 a
479 2942 528 2988 quo
543 2930 671 2977 extremum
686 2929 842 2989 Peloponnesi
854 2928 1041 2987 promontorium

120 2997 151 3044 ad
167 2997 286 3044 meridiem
293 3008 399 3054 vergens,
408 2996 547 3043 Taenarium
555 3000 591 3044 cst
601 2997 742 3056 appellatum
753 2997 762 3052 (
773 2996 791 3040 u
801 2996 860 3052 Copo
872 2996 899 3039 rto·
910 2994 1040 3053 unumst.

122 3066 198 3122 Quum
213 3065 290 3110 autem
305 3065 329 3109 ln
344 3063 383 3109 bis
394 3064 452 3109 locis
472 3066 523 3109 atra
540 3066 656 3122 quaedam
676 3074 773 3109 caverna
793 3061 928 3121 pestilentes
942 3072 1042 3122 vapores

121 3133 215 3191 odorm,
236 3131 325 3179 laetum
346 3133 373 3178 ut
394 3133 477 3190 poetae
496 3131 598 3178 tuiernas
621 3132 688 3178 sedes
707 3132 742 3177 ibi
759 3142 810 3176 esse
829 3129 1001 3186 memorarent,
1015 3131 1040 3176 ot

122 3200 247 3246 Tseuastes
261 3197 340 3245 lauces
354 3199 433 3257 (virg.
449 3201 531 3256 Georg.
550 3210 580 3259 rr,
596 3197 657 3257 467)
674 3210 716 3258 pro
728 3199 779 3257 ipso
793 3197 883 3243 Averno
892 3199 1041 3256 usurparent.

149 3266 182 3325 (2)
192 3266 299 3312 solemne
313 3266 419 3324 verbum,
431 3279 505 3325 quum
519 3267 550 3314 do
565 3266 710 3327 supplicibus
725 3266 807 3322 egitur.

149 3334 181 3392 (il)
193 3337 313 3397 Δχαλκὸς,
326 3347 371 3394 nes,
387 3334 500 3396 stainos,
517 3337 599 3382 domas
612 3334 677 3392 quod
692 3334 732 3380 illa
747 3333 817 3380 sodes
831 3344 898 3378 aerea
913 3333 985 3393 osset3
1000 3323 1041 3379 att¹

122 3402 156 3449 sto
166 3402 307 3462 appellatam
321 3405 416 3454 oemunt
430 3416 445 3451 a
466 3402 670 3462 Chalcidensibus,
684 3401 794 3449 Euboeae
811 3401 917 3462 populo,
932 3401 976 3460 qui
988 3411 1040 3447 enm

130 3469 285 3518 ustmmrtnt.
