2452 3938
206 283 268 345 i3l
604 302 730 348 ruoerou

204 390 281 454 bens
296 392 332 456 de
350 392 501 476 republica
517 397 624 456 mereri
636 393 892 483 existimabantur,
903 395 1105 478 populiscito'
1095 417 1128 463 ru

206 488 327 552 exilium
342 500 426 554 erant
435 490 555 571 expulsi
575 489 633 572 (l).
650 489 781 573 Neque
773 511 804 553 ru
819 510 854 554 eo
873 492 971 555 solum
989 486 1126 558 offende-

204 594 251 646 rat
268 584 329 667 (ἓ),
348 586 427 668 quod
441 587 554 668 patriae
566 588 643 650 male
659 586 860 664 consuluerat,
876 588 928 651 sed
943 589 1033 652 etiam
1047 591 1129 672 quod

205 683 353 746 amicitiae
378 683 464 745 tidem
487 703 547 745 non
570 684 755 764 praestiterat
774 684 833 766 (3).
862 683 997 767 Namque
1024 695 1130 751 auctus

205 779 382 860 adiutusque
399 798 416 840 a
433 778 642 858 Demosthene,
661 798 730 842 eum
749 799 837 862 quern
853 780 973 844 tenebat
987 783 1131 846 ascende·

204 884 250 936 rat
260 877 395 952 gradum,
405 894 471 938 cum
484 876 624 939 aduersus
635 877 787 951 Charetem
801 897 870 940 eum
882 876 1128 961 subornaret(l);

204 969 241 1035 ab
261 971 408 1034 eodemin
426 972 555 1051 iudiciis,
574 992 641 1036 oum
660 974 765 1056 capitis
783 993 903 1037 cansam
925 975 1057 1053 diceret,
1074 977 1130 1039 de-

204 1068 305 1131 tonsus
315 1070 484 1152 aliquoties,
504 1069 646 1133 liberatus
657 1071 844 1134 discesserat.
855 1069 941 1133 Hunc
955 1080 1016 1134 non
1031 1073 1130 1136 solum

203 1165 236 1228 in
255 1165 394 1247 periculis
410 1185 469 1228 non
488 1168 631 1246 defendit,
651 1169 701 1230 sed
717 1169 805 1231 etiam
821 1169 950 1252 prodidit
969 1169 1029 1250 (5).
1049 1160 1131 1234 Con-

202 1262 384 1326 ciditautem
402 1263 529 1325 maxime
542 1284 602 1327 uno
617 1265 752 1327 crimine:
770 1266 942 1348 quod,'cum
961 1266 1041 1346 apud
1060 1272 1131 1329 eu'm

201 1352 354 1422 summum
369 1369 446 1422 esset
458 1362 615 1440 imperium
630 1362 745 1443 populi,
759 1371 788 1424 et
804 1361 992 1440 Nicanorem,
1009 1361 1134 1426 Cassan·

205 1457 250 1519 d'ri
270 1458 463 1538 praesectum,
488 1457 622 1518 insidiari
643 1455 765 1520 Piraeeo
783 1459 1010 1540 Atheniensium
1027 1478 1044 1521 a
1061 1459 1134 1522 Der·

204 1555 277 1635 opilo
291 1554 523 1634 (b)moneretur,
542 1540 682 1634 idemque
705 1557 932 1635 postularetur
949 1555 1130 1637 provideret,

206 1672 245 1715 ne
259 1649 475 1713 commeatibus
492 1649 595 1713 civitas
614 1651 789 1731 privaretur3
811 1652 892 1730 lnric,
913 1653 1053 1716 audiente
1074 1672 1133 1736 po-

207 1748 290 1830 pulo,
309 1743 441 1808 Phocion
459 1747 593 1825 negavit,
613 1767 676 1810 esse
694 1749 875 1828 periculum,
894 1768 986 1830 seque
1008 1751 1074 1812 eius
1088 1750 1134 1813 rei

206 1845 340 1910 obsidem
359 1844 422 1906 lore
439 1843 588 1925 pollicitus
616 1854 672 1907 ost.
691 1844 793 1928 Neque
816 1848 857 1908 ita
880 1847 971 1908 multo
994 1855 1063 1928 post
1079 1846 1134 1909 Ni·

206 1961 298 2006 canor
311 1941 432 2004 Piraeeo
448 1949 493 2005 est
503 1942 625 2024 potitus.
638 1943 682 2004 Ad
700 1962 788 2025 quern
803 1942 1054 2025 recuperandum,
1068 1944 1134 2007 sine

207 2060 266 2124 quo
290 2039 425 2102 Athenae
451 2040 573 2102 omnino
592 2057 657 2103 esse
685 2059 743 2102 non
762 2049 886 2121 possunt
901 2040 962 2121 (i),
985 2057 1054 2102 cum
1074 2060 1133 2123 po-

206 2141 294 2229 pulus
322 2147 453 2200 armatus
483 2137 699 2215 concurrisset,
729 2138 778 2201 ille
812 2156 872 2204 non
906 2137 994 2199 modo
1030 2138 1135 2200 nemi·

238 2298 267 2356 (lp
290 2297 361 2343 lieetc
375 2297 478 2354 syntaxis
492 2296 570 2355 poscit
584 2307 627 2354 pro
642 2300 711 2341 ercet
730 2296 830 2354 copulet,
846 2298 897 2341 erat
912 2295 1030 2354 repulsas,
1045 2294 1090 2342 sed
1102 2297 1137 2343 lu·

209 2366 334 2422 telligimus
346 2363 460 2421 pluralem
476 2362 506 2407 sd
520 2366 601 2407 ceteris
615 2360 704 2408 reterri.

241 2434 273 2487 (2)
289 2433 348 2478 ital:
364 2432 438 2475 Esco
456 2436 547 2489 perroto
562 2442 604 2475 ero
626 2444 674 2476 non
688 2431 738 2477 solo
752 2443 809 2476 over
822 2431 883 2475 mole
894 2433 1025 2488 procurato
1050 2428 1069 2474 rt
1081 2429 1137 2474 deos

210 2501 272 2547 dello
283 2502 366 2557 patrio
381 2501 425 2545 etc.

241 2568 271 2624 (5)
286 2566 390 2613 Arduum
404 2566 434 2612 do
448 2565 588 2612 factionibus
613 2578 714 2624 acquum
729 2565 790 2613 forre
805 2566 921 2613 iudicium
935 2564 988 2610 esi·
982 2544 1085 2625 ,magis
1099 2577 1137 2612 or·

209 2637 284 2684 duum
299 2646 354 2680 vcro
369 2634 478 2680 Cornelio
498 2633 551 2693 luti,
563 2634 606 2691 qul
624 2633 706 2680 lisdem
721 2646 795 2694 prope
809 2633 949 2680 lectionibus
966 2633 1076 2679 distracta
1087 2634 1137 2678 suis

211 2701 355 2762 temporibus
365 2702 425 2751 urbo
444 2702 522 2760 homa,
537 2701 576 2749 ill'r
590 2713 675 2748 nomen
690 2701 763 2762 daret,
783 2714 845 2760 quae
866 2701 970 2747 labentes
990 2699 1137 2759 reipublice·

210 2783 248 2818 res
270 2768 425 2829 quereretur,
448 2771 643 2828 ingruentemque
663 2769 797 2816 servitutem
824 2769 917 2816 odisset.
941 2769 1001 2815 ilinc
1021 2769 1087 2815 baud
1101 2768 1135 2814 ita

211 2850 313 2897 aequum
333 2849 358 2883 ss
377 2849 432 2895 erga
446 2837 590 2884 Phocionem
604 2836 707 2896 praebet,
731 2839 779 2894 qul,
795 2837 903 2883 relaxetis
918 2836 965 2880 lam
990 2836 1136 2885 Graecorum

213 2908 306 2965 animis,
325 2916 408 2965 pacem
429 2904 551 2953 discordiis
568 2906 683 2963 irrittsque
701 2903 811 2951 caedibus
830 2903 1005 2951 anteiersndam
1026 2915 1079 2965 esse
1094 2915 1139 2963 pu·

214 2976 284 3022 tebni.

245 3043 276 3102 (t)
292 3045 362 3100 Quasi
377 3048 447 3089 armis
462 3043 616 3102 compararet,
632 3042 658 3086 ut
672 3040 778 3098 superior
792 3043 853 3085 esset
866 3041 890 3085 in
905 3051 992 3100 pugna

246 3113 276 3170 (ὅ)
303 3111 371 3170 Quod
394 3111 426 3157 ad
449 3114 508 3157 male
523 3112 594 3155 tutam
609 3121 624 3154 a
637 3108 756 3155 Phocione
770 3108 794 3152 ln
811 3107 992 3153 Demosthenem
1019 3105 1140 3171 amicitior·

217 3178 288 3224 fidem
304 3179 411 3239 pertinet,
426 3175 654 3223 animadvertendum
669 3176 711 3232 est,
727 3175 750 3219 et
764 3174 863 3232 patrium
889 3173 968 3219 omisis
993 3164 1045 3218 esss'
1059 3172 1139 3231 pollo·

217 3259 364 3304 remusque
379 3248 404 3292 in
419 3247 536 3297 Phocione
555 3242 634 3303 luisse,
655 3241 834 3289 Demosthenem
850 3243 930 3288 uictori
953 3241 1140 3298 Ant1patronon

212 3315 310 3362 tradere.

247 3383 279 3440 (t)
295 3376 415 3427 Praeleclo
429 3380 516 3428 Atticae
530 3377 560 3424 ab
575 3379 705 3437 Antipatro,
720 3378 761 3435 qui
781 3376 903 3423 Alexandri
919 3386 975 3436 opes
990 3375 1014 3420 et
1027 3372 1152 3432 remilium,

217 3449 301 3494 eontra
314 3446 402 3494 dueum
416 3445 574 3506 impotentiam
585 3444 699 3491 tueretur.

258 3512 288 3575 β)
303 3512 433 3572 luterccpto
448 3523 531 3572 nempe
546 3509 769 3567 omnimmmmtu.
