2452 3938
476 234 693 281 rasmsrocnrs
1005 222 1044 285 il

120 348 191 397 men
210 336 307 392 tantas
326 326 454 390 habebat
464 329 606 409 reliquias
626 331 791 410 copiarum,
815 339 848 393 ut
866 331 954 394 etiam
980 352 1046 395 cum

95 415 97 419 ¹
122 429 171 491 his
193 427 362 508 opprimere
381 434 480 507 posset
495 425 606 488 hostes.
626 425 746 489 Interim
776 416 936 492 abeodem
955 431 1047 508 gradu

122 526 265 608 depulsus
283 533 328 586 est
347 524 406 605 (l).
426 521 498 584 Nam
517 522 742 602 Themistocles,
758 544 863 588 verens
878 545 915 589 ue
935 526 1046 588 bellare

112 632 336 708 perseveraret,
351 620 505 683 certiorem
520 639 589 682 eum
601 620 682 698 lecit,
694 621 724 684 id
738 623 797 702 agi,
811 631 843 684 ut
855 642 943 704 pons,
957 642 1046 704 quem

123 721 172 783 ille
190 720 222 781 in
236 717 426 797 Hellesponto
451 715 498 797 (h)
516 717 639 794 lecerat,
658 718 879 797 dissolveretur,
900 739 934 782 ao
949 721 1047 782 reditu

124 817 154 879 in
171 816 272 880 Asiam
288 813 502 876 excluderetur.
522 812 614 894 idque
632 814 660 876 ei
678 816 835 896 persuasit.
857 816 973 897 Itaque,
989 836 1048 897 qua

126 933 175 977 sex
192 911 345 975 mensibus
363 910 420 972 iter
432 911 555 987 iecerat,
568 908 676 974 eadem'
692 913 789 974 minus
805 912 911 976 diebos
927 914 1048 992 triginta
1139 979 1142 986 ,

126 1011 156 1072 in
173 1009 274 1073 Asiam
288 1026 424 1070 reversus
442 1017 499 1084 est,
518 1027 609 1088 seque
626 1028 644 1070 a
662 1007 861 1073 Themistocle
877 1030 936 1072 non
954 1029 1049 1093 supe-

127 1117 236 1183 ratum,
252 1105 304 1167 sed
322 1113 525 1167 conservatum
544 1105 696 1168 indicavit.
715 1104 763 1168 Sic
790 1107 879 1169 unius
900 1108 954 1169 viri
975 1127 1049 1189 pru·

128 1205 238 1280 dentia,
251 1201 506 1266 Graecialiherata
517 1209 574 1277 est,
587 1202 783 1285 Europaeque
795 1204 953 1267 succubuit
965 1205 1047 1268 Asia.

129 1301 204 1363 llaec
220 1300 312 1362 altera
329 1298 462 1375 victoria,
477 1318 553 1379 quae
571 1318 637 1363 cum
656 1298 945 1384 Marathoniopossit
964 1321 1050 1364 oom-

130 1397 224 1480 parari
246 1407 366 1477 tropaeo
379 1395 438 1476 (3):
457 1415 524 1458 uam
539 1397 604 1477 pari
617 1397 703 1459 modo
715 1397 793 1477 apud
805 1395 954 1460 Salamina
963 1413 1050 1480 parvo

131 1512 251 1557 numero
268 1493 399 1569 navium,
424 1495 565 1569 maxima,
590 1503 656 1575 post
679 1494 834 1557 hominnm
863 1495 1050 1574 memoriam,

132 1593 232 1654 classis
248 1599 293 1652 est
313 1590 438 1652 devicta.

169 1687 218 1751 VI.
242 1686 364 1766 Magnus
380 1687 439 1749 hoc
461 1687 538 1749 bello
557 1686 769 1773 Themistocles
787 1688 855 1765 init,
872 1707 927 1750 nec
953 1690 1051 1752 minor

132 1786 160 1847 in
178 1805 264 1867 pace.
283 1783 355 1848 Cum
376 1784 456 1846 enim
477 1783 620 1847 Phalereo
635 1782 721 1866 postu
737 1785 798 1866 (d),
818 1805 915 1866 neque
933 1805 1049 1864 magno,

134 1903 227 1965 neque
254 1881 350 1957 bono,
379 1881 575 1944 Athenienses
602 1891 781 1961 uterentur,
813 1883 902 1945 huius
928 1884 1051 1946 consilio

1061 1759 1083 1793 s.
1094 1747 1130 1790 trs

135 1981 236 2061 triplex
254 1979 303 2060 (5)
317 1978 430 2041 Piraeei
448 1986 549 2059 portus
566 1979 744 2042 constitutus
755 1988 812 2042 est:
835 1980 920 2060 isque
936 1981 1053 2042 moeni-

135 2075 187 2138 bus
216 2075 437 2152 circumdatus,
458 2083 491 2137 ut
507 2076 602 2156 ipsam
620 2075 723 2138 urbem
748 2075 889 2154 dignitate
908 2077 1053 2156 aequipa-

135 2182 210 2235 raret
222 2173 284 2253 (b),
297 2172 424 2234 utilitate
441 2182 607 2251 superaret.
627 2171 768 2251 Idemque
787 2190 887 2234 muros
904 2172 951 2252 (i)
964 2171 1055 2234 Athe·

164 2313 193 2368 tlt
209 2312 301 2367 Gradus
316 2325 345 2358 ea
358 2324 443 2358 arenae
457 2323 512 2371 pars
526 2310 572 2357 init
586 2313 611 2356 in
622 2324 677 2370 qua,
689 2312 785 2356 firmatis
793 2311 895 2368 vestigiis
907 2313 931 2358 et
945 2313 1055 2359 totocor-

137 2394 189 2441 pme
201 2380 232 2426 ad
242 2391 344 2438 pugnam
360 2380 457 2438 intento,
473 2380 614 2435 gladiatores
626 2378 774 2425 invadentem
784 2391 825 2424 eos
839 2378 997 2425 adversarium
1008 2392 1056 2426 ma·

138 2451 226 2495 nerent.
240 2449 282 2493 liic
297 2449 405 2493 translate
421 2447 450 2493 de
467 2448 659 2507 opportunitate,
681 2449 753 2506 copiis
773 2451 796 2493 et
811 2449 896 2494 ceteris
915 2452 1058 2507 usurpatur,

137 2529 195 2574 quae
211 2516 278 2561 llerxt
292 2514 382 2560 felicem
397 2515 495 2561 secundi
516 2516 599 2573 proelii
610 2516 697 2560 exitum
718 2515 860 2573 quandoque
879 2516 1057 2575 portenderent.

164 2585 198 2641 (2)
216 2585 380 2642 Hellespontus
402 2583 428 2640 (t
443 2584 598 2640 Dnrdcasllil
615 2586 726 2640 angustae
740 2583 818 2630 lauces
833 2585 956 2641 vocantur,
973 2584 1061 2642 quilius

140 2657 253 2711 Aegaeum
265 2663 329 2698 mare
345 2648 533 2710 (l'Arctpelupo)
550 2652 685 2711 Propontidi
700 2653 738 2709 (s't
752 2654 839 2698 mardi
848 2654 990 2710 Marmora)
1007 2655 1060 2698 irin-

140 2722 206 2776 gitnr.
232 2720 320 2764 Nomen
347 2720 425 2764 aulem
439 2721 529 2778 accepit
543 2719 574 2765 ab
589 2719 669 2779 lielle,
693 2719 836 2766 Athamantis
856 2721 914 2780 tilia,
930 2720 1060 2778 quaedum

140 2789 210 2834 ariete
226 2798 268 2845 per
280 2787 355 2831 adrem
370 2798 423 2832 oum
444 2787 534 2844 l‘hrytto
548 2786 620 2833 fratre
632 2788 655 2832 iu
671 2786 803 2832 Colchidem
817 2787 949 2849 veheretur,
964 2791 987 2834 ln
1002 2801 1062 2847 pou·

140 2857 196 2916 tum,
210 2857 261 2901 sive
276 2866 338 2899 mare
353 2853 448 2914 delapsa
461 2856 503 2900 est.

169 2924 200 2978 tit
216 2922 346 2982 Tropaeum
361 2935 445 2980 graeca
459 2933 541 2980 vor,a
557 2922 631 2968 verbo
644 2925 737 2988 τρέπω,
754 2928 817 2968 verto
835 2922 924 2968 dictum
939 2923 984 2981 est,
997 2923 1063 2980 quod

141 2995 208 3039 versis
223 2995 246 3038 in
260 2990 337 3048 lugam
352 2991 466 3050 hostibus,
481 2992 628 3036 statueretur.

170 3062 201 3116 tit
217 3061 262 3118 Qui
278 3058 309 3105 ad
323 3060 409 3105 ostium
423 3059 515 3118 Cephisi
527 3060 602 3103 amnis
626 3058 701 3115 esset,
725 3059 794 3113 atque
809 3056 838 3102 ab
853 3056 912 3102 urbe
930 3056 979 3103 duo
993 3055 1064 3103 ierme

144 3140 251 3187 passuum
267 3126 338 3171 millia
353 3125 453 3171 distaret.
521 3146 525 3153 ·

172 3197 202 3256 (5)
223 3197 304 3242 Portus
318 3207 402 3254 nempe
418 3194 528 3240 Phalerus
549 3193 572 3238 et
587 3191 710 3251 hlunychia
724 3203 792 3236 muro
807 3203 863 3237 cum
887 3191 980 3238 Piraeeo
995 3193 1065 3251 portu

145 3265 264 3310 coniuncti
279 3263 341 3309 sunt

174 3333 206 3387 th)
217 3331 306 3376 l‘iraeei
321 3341 420 3387 namque
435 3329 571 3376 suburbium
585 3327 652 3374 brevi
674 3327 732 3373 adeo
748 3339 842 3387 eorum,
858 3327 898 3385 qut
914 3330 1066 3374 mercaturam

146 3397 256 3448 lacerent.
265 3396 396 3455 frequentia
410 3399 491 3456 crevit,
499 3398 525 3442 ut
533 3396 580 3443 iere
589 3395 687 3442 Athenas
695 3396 822 3441 incolarum
835 3406 933 3440 numero
939 3396 1068 3454 superaret.

176 3465 236 3528 till
250 3467 324 3513 Xerxe
339 3464 447 3511 deiectos.
