2452 3938
394 160 398 167 ι
420 174 424 179 ’
487 221 526 266 ou
544 221 668 268 necinus
981 211 1048 291 tuq

112 306 278 373 Macrochir
296 308 486 391 praeeipuam
502 311 728 376 babet-laudem
754 313 954 396 amplissimae
973 321 1043 398 pul·

113 405 344 486 cherrimaeqne
366 407 499 489 corporis
516 408 643 488 formae,
666 428 755 490 quam
774 411 942 475 incredibili
956 433 1045 476 orna·

114 505 155 565 rit
178 501 287 566 virtute
306 501 389 582 belli3
415 523 546 586 namque
564 505 615 568 illo
636 504 742 570 Perses
763 526 852 571 nemo
874 508 931 570 luit
952 529 1043 573 manu

114 600 232 663 tortior.
251 597 390 662 Mnemon
405 609 504 664 auteur
517 600 649 664 iustitiae
663 603 743 665 tama
757 604 870 669 floruit.
883 604 956 668 Mam
975 625 1042 669 cum

114 695 303 759 matrissuae
316 695 364 776 (l)
377 696 489 759 scelere
504 697 652 761 amisisset
663 716 799 777 uxorem,
815 708 929 763 tanturn
945 701 1043 764 indul·

114 793 154 856 sit
181 791 294 869 dolori,
319 799 352 854 ut
376 810 444 854 eum
468 793 563 873 pietas
588 794 636 876 (2)
665 795 805 859 uinceret.
834 796 878 859 Mx
900 796 958 874 his,
985 798 1043 860 duo

114 890 220 953 eodem
245 888 368 951 nomine
389 889 449 970 (3),
474 891 580 953 morbo
602 900 727 953 naturae
748 891 881 955 debitum
904 893 1044 957 reddide-

113 995 195 1051 runt:
217 985 321 1048 tertius
337 985 386 1067 (4)
403 987 441 1049 ab
462 986 612 1051 Artabano
635 989 784 1070 praelecto
803 989 880 1051 ferro
899 990 1044 1053 interem-

115 1093 162 1146 tus
178 1091 235 1145 est.

155 1179 194 1243 11.
214 1179 258 1243 Mn
274 1177 467 1241 Macedonum
487 1189 587 1244 antem
614 1199 739 1260 genere,
762 1180 821 1245 duo
845 1183 939 1247 multo
959 1190 1041 1245 cete-

114 1298 164 1342 ros
188 1283 411 1340 antecesserunt
433 1293 536 1347 rerum
559 1286 709 1356 gestarum
734 1279 847 1357 glori23
874 1278 1043 1360 Philippus,

114 1377 259 1455 Amyntae
276 1372 368 1450 tilius,
386 1381 417 1435 et
429 1373 599 1439 Alexander
614 1373 747 1453 Magnus.
767 1374 880 1441 Morum
899 1377 974 1439 ultor
987 1374 1045 1437 Bc·

117 1474 223 1553 bylone
235 1468 338 1532 morbo
350 1479 523 1534 consumtus
534 1479 590 1533 est.
603 1470 758 1553 Philippus
770 1471 857 1549 Aegis
871 1472 921 1552 (5)
935 1491 952 1534 a
966 1470 1044 1535 Pau·

116 1569 213 1644 senia,
232 1585 300 1628 cum
318 1575 484 1648 spectatum
503 1567 590 1630 ludos
608 1569 677 1645 iret,
696 1569 777 1631 iuxta
800 1567 948 1633 theatrum
963 1569 1043 1632 occi·

117 1684 168 1731 sus
186 1673 243 1728 est.
263 1661 346 1726 Unus
362 1663 498 1744 Epirotes
514 1662 656 1745 Pyrrhus,
688 1665 739 1746 qui
768 1683 836 1730 cum
860 1665 973 1746 ,populo
989 1676 1042 1729 ro-

118 1781 207 1827 mcno
225 1760 344 1823 bellavit
362 1760 422 1841 (6).
442 1758 482 1837 Is,
501 1777 569 1822 cunr
586 1759 679 1839 Argos
698 1761 839 1841 oppidum
859 1771 1043 1842 oppugnaret

117 1860 149 1922 in
160 1857 379 1939 Peloponneso,
394 1853 492 1938 lapide
506 1856 582 1919 ictus
596 1856 720 1919 interiit.
735 1854 817 1922 linus
831 1856 902 1919 item
916 1857 1040 1934 siculus,

118 1956 276 2038 Dionysius
292 1954 374 2034 prior
386 1953 447 2035 (l).
460 1953 533 2017 Mam
546 1961 576 2016 et
589 1971 680 2016 manu
698 1952 783 2019 tortis
800 1960 828 2014 et
843 1952 915 2019 belli
930 1954 1044 2035 peritus

120 2053 188 2121 fuit:
203 2062 234 2117 ct
245 2052 287 2128 id,
300 2050 421 2133 quodiu
434 2061 557 2132 tyranno
569 2069 629 2114 nou
643 2049 730 2120 lacile
741 2050 903 2130 reperitur,
918 2049 1041 2116 minimo

119 2149 316 2226 libidinosus,
342 2167 403 2212 non
422 2148 609 2225 luxuriosus,
634 2164 694 2209 non
715 2165 844 2224 crenus,
868 2147 979 2212 nullius
1000 2146 1045 2211 rei

152 2300 185 2357 tt)
200 2297 340 2356 Parlsatitllr,
355 2310 415 2354 qnae
429 2297 536 2343 stallium
551 2297 612 2341 illius
627 2307 721 2341 uxorem
737 2306 830 2341 veneno
845 2295 943 2340 necarlt.

156 2366 186 2425 (2)
203 2366 289 2424 Nempe
303 2368 372 2417 matri
388 2367 499 2426 pepercit.
514 2365 572 2410 liat:
589 2363 693 2410 Tanton
714 2364 767 2421 quei
787 2376 830 2408 cao
841 2364 920 2410 dolore
937 2363 1048 2423 elmere,

126 2437 166 2482 rire
180 2448 228 2482 corr
242 2448 271 2480 ne
285 2434 342 2492 [orie
356 2437 379 2479 te
398 2435 463 2493 picti
479 2439 553 2489 (verso
568 2434 591 2478 la
605 2433 694 2486 madre)
713 2430 829 2491 coliberto.
856 2431 936 2480 Paullo
951 2429 1046 2488 quidem

123 2504 245 2551 obscurior
267 2504 315 2548 toto
330 2503 388 2549 baec
402 2503 503 2549 cornelli
519 2500 592 2546 nostri
615 2502 739 2560 sententian
754 2501 796 2547 sed
813 2499 854 2546 ubl
869 2496 1048 2555 antmroverras,

123 2572 232 2618 iustitiam
246 2583 298 2617 erm
313 2584 370 2628 esse,
385 2583 446 2628 quae
460 2571 547 2627 cuique
563 2567 644 2614 tribuit
658 2581 735 2628 suum3
747 2580 842 2626 quaque
856 2569 983 2627 propterea
997 2566 1047 2611 noti

122 2650 179 2697 erga
194 2640 301 2696 parentes
316 2637 404 2696 pietate
426 2636 532 2682 teruntur
554 2635 680 2694 intelligas,
700 2637 832 2683 cornelium
859 2635 904 2680 boc
922 2635 967 2679 sibi
981 2632 1047 2678 bisce

122 2705 201 2753 verbis
225 2707 332 2751 votuisse:
360 2705 469 2751 Mnemon
486 2698 549 2750 fleo
569 2705 643 2750 luetur
665 2701 724 2760 tutt,
744 2704 778 2763 ut,
802 2713 944 2761 quemquem
968 2700 1048 2745 uxoris
1089 2756 1094 2764 .

123 2775 198 2820 morte
213 2773 345 2829 gravissime
367 2772 471 2831 effectus,
493 2783 541 2817 non
561 2773 639 2818 temen
665 2772 696 2816 rit
720 2781 817 2829 possus,
842 2782 867 2816 se
889 2769 971 2814 dolore
985 2765 1047 2811 odeo

124 2839 253 2898 cxcoscorl,
278 2841 313 2899 ut,
328 2839 432 2898 pietatis,
448 2839 484 2885 rel
509 2839 534 2884 ln
549 2838 677 2885 veneficam
699 2839 808 2894 metmm,
824 2834 922 2892 oblitus,
944 2832 1047 2879 debitum

122 2908 238 2964 irrogaret
259 2905 321 2950 Mlius
344 2904 443 2952 tcclnorl
466 2916 573 2964 poenam.
589 2906 653 2963 Quor
668 2903 711 2948 elsi
731 2901 833 2950 dubitent
848 2902 922 2961 possit
938 2912 1052 2965 germano,

24 2998 28 3007 =
124 2972 224 3020 tueritne
238 2974 340 3020 iurtttice
366 2972 447 3032 torma,
469 2973 594 3019 verborum
609 2972 708 3018 cornelli
721 2972 797 3017 temen
817 2970 942 3031 probabilis
965 2969 1052 3055 sensui

125 3042 337 3167 'witmer
351 3108 509 3166 longimanus
523 3112 547 3154 et
558 3107 674 3155 Mnemon.

152 3175 184 3235 (ii
200 3175 291 3222 Xerxen

151 3242 184 3302 (5)
199 3241 350 3288 Macedoniae
366 3241 432 3286 urbe.
535 3254 547 3279 ι

17 3278 31 3353 1.
127 3369 132 3381 ι
153 3313 214 3370 (ott
230 3310 363 3355 l'arentiuts
379 3311 403 3354 in
426 3309 536 3354 auxilium
552 3309 649 3367 rccltur3
665 3318 718 3352 nam
743 3306 830 3363 gloriae
844 3307 953 3365 cupidine
968 3309 1050 3354 incen-

42 3429 47 3437 ,
123 3384 164 3425 ms
177 3379 203 3425 ct
216 3389 258 3438 spe
273 3379 365 3424 muortr
379 3380 469 3437 imperti
485 3379 649 3423 mercenariam
665 3376 769 3422 militium
785 3376 915 3422 exercebat.

151 3445 187 3504 (7)
202 3446 237 3493 Do
251 3445 297 3492 boc
312 3448 341 3492 ct.
357 3447 422 3492 Dion.
437 3458 489 3504 cap.
506 3459 512 3492 ι
529 3448 552 3492 el
566 3446 590 3491 rt.
