2452 3938
382 239 466 285 rurus
482 237 646 284 rouroruus
664 234 789 281 arrium
985 216 1044 280 lli

123 353 223 414 agere.
242 331 399 414 Nunquam
425 331 552 411 suscepti
578 329 688 409 negotii
706 347 774 392 eum
802 336 970 409 pertaesum
988 335 1044 388 est.

123 429 213 494 Suam
233 430 311 492 enim
336 427 582 491 existimationem
598 427 629 488 in
645 445 680 489 ea
704 444 738 489 re
755 424 801 503 agi
820 424 958 505 putabat:
989 441 1048 503 qua

125 527 200 589 nihil
219 526 347 591 habebat
365 525 472 586 carius.
490 521 553 594 Quo
571 523 671 598 tiebat,
690 530 724 584 ut
739 520 839 583 omnia
856 519 1044 593 Ciceronum,

124 623 255 699 Catonis,
278 621 374 697 Marii,
401 619 435 693 Q.
456 619 623 696 Hortensii,
648 619 683 682 A.
707 616 861 699 Torquati,
887 616 1047 678 multorum

125 729 278 800 praeterea
295 719 428 800 equitum
445 735 637 780 romanorum
661 716 778 794 negotia
799 721 980 796 procuraret.
1006 711 1050 774 Ex

126 835 185 896 quo
210 815 336 878 iudicari
364 823 490 896 poterat,
513 833 572 876 non
592 813 712 890 inertia,
738 812 791 875 sed
808 810 919 874 iudicio
939 808 1050 887 fugisse

125 912 308 992 reipublicae
323 911 572 993 procurationem.

165 1007 239 1070 Xlll.
258 1007 457 1070 Humanitatis
471 1025 540 1070 vero
553 1008 666 1069 nulium
684 1007 791 1081 afferre
810 1004 905 1067 maius
917 1003 1048 1065 testimo·

124 1105 207 1165 nium
224 1124 357 1184 possum,
378 1123 467 1185 quam
486 1104 563 1185 quod
583 1105 755 1166 adolescens
773 1103 851 1164 idem
873 1101 937 1163 seni
955 1099 1050 1181 Syllae

126 1200 214 1262 luerit
230 1200 484 1277 iucundissimus,
511 1218 601 1261 senex
618 1199 798 1262 adolescenti
823 1196 919 1259 Marco
944 1195 1048 1269 Bruto;

125 1315 193 1357 cum
213 1296 387 1378 aequalibus
406 1305 505 1358 autem
520 1296 581 1357 suis
596 1294 704 1368 Quinto
723 1293 894 1367 Hortensio,
914 1290 1050 1354 etldarco

124 1392 265 1455 Cicerone
285 1392 328 1454 sic
347 1393 460 1468 uixerit,
485 1401 519 1455 ut
532 1392 664 1455 iudicare
681 1392 801 1455 difficile
818 1390 868 1466 sit,
893 1389 941 1451 cui
961 1387 1051 1450 aetati

125 1489 215 1548 luerit
230 1489 411 1569 aptissimus:
431 1508 611 1572 quamquam
628 1503 696 1552 eum
715 1488 874 1571 praecipue
891 1486 993 1549 dilexit
1005 1483 1054 1548 ci-

125 1603 205 1661 cero,
225 1594 258 1646 ut
279 1605 315 1648 ue
334 1587 426 1649 irater
443 1587 562 1667 quidem
582 1587 610 1648 ei
628 1585 755 1659 Quintus
769 1584 867 1648 carior
884 1583 985 1658 fuerit,
1001 1590 1052 1643 aut

126 1681 310 1743 familiarior.
327 1683 362 1744 lli
386 1684 429 1744 rei
447 1690 517 1744 sunt
537 1682 661 1760 indicio,
682 1693 799 1763 praeter
816 1701 868 1744 eos
891 1680 996 1756 libros,
1020 1679 1051 1740 in

125 1777 235 1855 quibus
253 1779 289 1839 de
306 1797 340 1840 eo
358 1764 639 1853 lacit'mentionem,
659 1778 711 1859 qui
731 1780 761 1839 in
779 1779 882 1855 vulgus
901 1775 1049 1839 suutedi-

125 1874 166 1947 ti,
187 1873 335 1934 sexdecim
364 1872 516 1938 volumina
536 1872 729 1954 epistolarum
759 1873 795 1935 ah
823 1874 979 1935 consulatu
1004 1872 1053 1953 (l)

126 1969 303 2049 elususque
321 1968 358 2030 ad
376 1976 539 2031 extremum
557 1977 671 2050 tempus
687 1970 724 2031 ad
736 1969 866 2032 Atticum
880 1969 1049 2030 missarum:

127 2082 203 2143 quae
221 2065 273 2146 qui
298 2065 393 2142 legat,
413 2083 472 2126 non
493 2066 616 2128 multum
636 2065 784 2128 desideret
804 2065 958 2128 historiam
977 2085 1071 2127 conr

126 2168 234 2220 textam
255 2161 372 2222 illorum
393 2170 571 2242 temporum.
596 2159 644 2224 Sic
667 2161 748 2224 enim
767 2162 867 2226 omnia
884 2162 927 2224 de·
945 2162 1052 2224 studiis

129 2259 318 2338 principum,
338 2258 415 2320 uitiis
433 2259 542 2321 ducum
568 2278 602 2321 ac
627 2259 842 2322 mutationibus
865 2259 1053 2341 reipublicae

130 2355 295 2434 perscripta
311 2365 392 2432 suut,
412 2364 446 2421 ut
460 2355 535 2418 nihil
553 2356 584 2418 in
603 2358 649 2418 bis
662 2376 722 2419 non
737 2366 897 2438 appareat3
917 2365 945 2419 et
963 2356 1051 2418 facile

128 2451 290 2512 existimari
309 2452 414 2533 possit,
434 2452 618 2533 prudentiam
635 2453 854 2535 quodammodo
866 2453 1055 2516 essedivina·

129 2547 241 2608 tionem
258 2548 317 2629 (ἓ).
332 2548 396 2611 Nou
411 2551 489 2612 enim
507 2549 608 2613 Cicero
623 2570 658 2612 ea
671 2551 779 2627 solum,
792 2569 868 2632 quae
882 2551 945 2612 vivo
961 2570 993 2613 se
1005 2569 1054 2612 ac·

129 2643 276 2721 ciderunt,
292 2645 391 2707 lutura
409 2647 573 2727 praedixit,
593 2647 642 2710 sed
663 2648 775 2724 etiam,
797 2666 873 2729 quae
900 2667 977 2709 nuuc
996 2666 1053 2709 usu

131 2740 266 2818 veniunt,
287 2743 406 2817 cecinit,
425 2755 459 2804 ut
478 2753 568 2806 uates.

169 2835 256 2898 XVII.
273 2837 315 2899 lle
331 2839 439 2918 pietate
459 2848 556 2900 autem
577 2840 665 2901 Attici
684 2840 754 2920 quid
775 2841 859 2921 plura
871 2857 1053 2901 commemo·

129 2933 290 2994 renuerim
315 2935 370 2997 hoc
384 2936 480 3015 ipsum
498 2954 564 2996 vere
581 2936 756 3013 gloriantem
782 2937 926 2998 audierim
946 2935 978 2998 in
1003 2936 1052 2997 lu·

131 3046 201 3090 nere
219 3032 320 3092 matris
335 3050 417 3104 suae,
434 3050 521 3112 quam
537 3033 640 3094 extulit
654 3033 702 3112 (3)
718 3051 862 3095 annorum
879 3033 1051 3110 nonaginta,

131 3144 197 3185 cum
223 3137 300 3188 esset
317 3136 429 3208 septem
447 3138 476 3190 et
492 3129 654 3206 sexaginta,
668 3147 700 3190 se
721 3147 873 3209 nunquam
895 3147 963 3193 cum
988 3147 1055 3191 ma-

158 3298 189 3354 q'lt
200 3300 234 3345 nb
245 3312 308 3346 anno
319 3300 345 3347 ll.
358 3301 382 3347 G.
399 3312 526 3348 ucuxxrrx.

161 3366 191 3418 ltu
203 3366 321 3424 Hodieque
337 3370 468 3429 supersunt,
483 3381 511 3414 ac
526 3369 610 3427 tegenti
629 3369 676 3416 hoc
699 3368 812 3418 ludlctum
827 3371 929 3418 (tornelll
944 3371 1053 3432 probant.
1071 3418 1074 3424 ,

168 3436 199 3492 (55
214 3435 298 3480 Extulit
311 3435 399 3482 lunera.
