2452 3938
126 247 167 312 la
511 267 664 313 uvsnunuu

128 366 185 421 ret.
200 357 346 440 Namque,
361 360 505 442 undique,
519 361 570 442 qui
581 360 808 424 Atheniensium
823 362 1058 428 rebusstudnrs-

127 463 206 533 sent,
231 457 346 532 eiectis,
367 458 469 519 decem
497 458 646 536 delegerat
667 458 698 519 in
726 478 906 541 unaquaque
924 461 1057 539 civitate,

129 553 238 633 quihus
259 571 408 615 summum
425 553 584 635 imperium
604 564 841 636 potestatemque
854 557 988 620 omnium
1007 577 1059 622 re-

128 667 194 711 rum
215 649 424 712 committeret.
448 649 559 712 Homm
579 647 786 713 innumerum
807 671 894 715 nemo
912 653 1058 718 admitte-

124 746 224 822 batur,
244 745 303 806 nisi
321 746 384 827 qui,
405 755 457 808 aut
475 747 540 809 eius
566 747 695 828 hospitio
715 748 932 827 contineretur,
952 759 1004 814 aut
1022 771 1056 816 se

124 842 205 904 illius
223 840 286 903 iore
305 842 459 923 proprium
477 844 536 905 lide
554 845 752 907 confirmaret.
785 844 842 923 lta,
861 846 1057 912 decemvirali

124 945 273 1020 potestate
302 939 334 1000 in
357 939 497 1002 omnibus
523 941 648 1004 urbibus
667 941 839 1019 constituta,
860 943 956 1024 ipsius
979 953 1057 1008 nutu

126 1034 226 1097 omnia
243 1033 437 1115 gerebantur.
819 1116 822 1122 Ι

165 1130 203 1194 ll.
230 1131 321 1196 Cuius
339 1132 376 1195 de
394 1133 571 1197 crudelitate
598 1153 632 1198 ac
650 1134 774 1216 perfidia
798 1135 869 1198 salis
892 1144 937 1199 est
962 1157 1055 1202 uuam

123 1247 200 1307 rem,
221 1218 347 1312 exempli
365 1230 472 1310 gratia,
487 1233 630 1312 prolerre,
642 1251 693 1307 ne,
706 1230 752 1294 de¹
762 1233 865 1295 eodem
883 1234 969 1314 plura
984 1254 1056 1299 euu-

125 1328 280 1405 merando,
301 1328 498 1407 defatigemus
511 1329 648 1390 lectores.
670 1328 770 1391 Victor
785 1349 819 1391 ex
836 1329 905 1391 Asia
923 1331 972 1411 (l)
985 1351 1055 1395 cum

123 1432 340 1499 reverteretur,
360 1423 551 1505 Thasumque
569 1424 617 1506 (ἢ)
636 1424 827 1502 devertisset,
850 1427 931 1507 quod
955 1447 992 1489 ea
1008 1429 1055 1490 ci-

123 1520 198 1582 vitas
217 1519 378 1601 praecipua
395 1521 454 1582 fide
481 1520 579 1581 iuerat
598 1539 667 1599 erga
693 1519 902 1599 Athenienses,
927 1523 1056 1604 proinde

123 1616 197 1678 acsi
215 1617 305 1678 iidem
320 1616 484 1678 firmissimi
498 1615 628 1678 solerent
643 1635 709 1678 esse
720 1617 822 1694 amici,
839 1618 890 1699 qui
909 1628 1055 1681 coustan-

123 1723 168 1776 tes
198 1714 323 1776 luissent
349 1713 464 1778 inimici
488 1713 554 1794 (3),
581 1733 646 1776 eam
674 1724 842 1795 pervertere
871 1716 1053 1797 concupivit.

122 1810 203 1874 Vidit
221 1820 338 1888 eutem,
368 1811 426 1872 nisi
450 1811 481 1872 in
501 1829 536 1873 eo
553 1812 730 1874 occultasset
755 1812 950 1889 voluntatem,
969 1814 1055 1875 lutu-

122 1926 203 1985 rum,
223 1917 255 1970 ut
273 1907 374 1968 Thasii
393 1907 598 1970 dilaberentur
615 1907 675 1988 (l),
695 1908 944 1990 consulerentque
963 1909 1054 1972 rebus

123 2005 197 2068 suis.
217 2004 320 2087 ltaque
339 2004 488 2086 (fraudem
504 2004 661 2066 clementia
679 2023 713 2066 ac
731 2004 876 2083 religione
895 2005 1053 2068 velandam

123 2101 250 2166 censuit.
277 2101 348 2164 Erat
374 2102 452 2182 apud
476 2100 602 2164 Thasius
626 2102 768 2182 templum
793 2100 946 2178 Herculis,
973 2089 1055 2183 quod

123 2219 240 2264 summa
257 2200 314 2282 ipsi
332 2199 521 2262 caeremonia
544 2199 691 2261 colebant.
707 2199 771 2260 lluc
787 2198 896 2259 vocatis
922 2198 1052 2274 civibus,

123 2298 287 2360 insidiosae
302 2296 496 2358 humanitatis
513 2295 687 2377 plenissima
706 2295 840 2357 oratioue
852 2294 969 2356 veniam
989 2313 1056 2356 om-

123 2396 212 2457 nibus
226 2402 428 2456 anteactorum
440 2393 606 2473 pollicetur:
628 2393 864 2456 consternatione
883 2399 1055 2470 attempero

122 2492 210 2575 focile
227 2492 377 2567 eremari,
394 2508 468 2570 qnoe
489 2490 523 2552 in
538 2490 593 2553 isto
604 2507 707 2553 rernm
721 2489 848 2552 orticnlo
865 2489 1054 2563 occidionem

123 2591 221 2673 initur
237 2589 355 2669 [rostro
372 2591 474 2652 timere
492 2605 685 2667 quemqnam,
705 2595 757 2649 ont
777 2587 888 2660 loterc;
904 2586 1052 2702 siqnidem

124 2692 239 2764 doecre,
263 2695 331 2750 teste
348 2687 408 2749 lieo
430 2687 560 2765 ipsorum
576 2684 688 2765 patrio,
709 2692 736 2746 et
753 2685 787 2745 in
803 2683 951 2758 Herculis,
971 2684 1054 2746 nteoi

123 2791 182 2865 eni,
201 2789 284 2865 orbe,
299 2787 501 2868 profiteretur.
522 2782 605 2845 Talia
623 2789 683 2843 tam
704 2790 841 2843 accurata
859 2779 1053 2842 simulatione

153 3015 186 3071 (l)
201 3014 336 3073 Lampsaco,
352 3013 394 3058 ubl
409 3011 602 3071 peloponnesium
617 3007 705 3054 bellum
718 3006 857 3054 coniecerat.

154 3082 184 3136 (2)
201 3083 264 3138 Quae
279 3094 292 3126 a
307 3081 402 3125 Cimone
412 3079 419 3140 l
431 3081 480 3126 Cra.
491 3090 541 3137 cap.
555 3078 590 3133 rl)
605 3075 729 3135 debellate,
740 3076 765 3120 iu
776 3071 1053 3120 atheniensiumuetnrle

124 3147 171 3195 fide
184 3151 347 3208 permanserat.

153 3215 184 3269 (ὅ)
199 3214 280 3260 Thasii
295 3218 356 3261 enim
372 3215 462 3274 preater
477 3226 505 3259 ea
523 3214 629 3271 tempora
642 3212 786 3270 gravissimas
801 3220 855 3253 cum
877 3206 1053 3254 Atheniensibus

124 3283 255 3329 iuimicitias
277 3283 443 3337 exercuerant,
459 3293 518 3337 quas
538 3281 624 3339 pacatis
645 3280 753 3335 utrinque
779 3273 1011 3334 animis,ereauder
1026 3277 1052 3318 lu

124 3351 280 3397 firmissimam
292 3361 333 3395 cos
348 3349 470 3393 amicitiam
485 3347 603 3404 fidemque
617 3346 764 3404 convertisse,
779 3342 949 3403 suspicabatur.

155 3419 185 3474 (t)
198 3418 276 3463 Vacua
288 3418 380 3463 moenia
394 3416 503 3463 anemae
516 3415 578 3461 ttttm
592 3414 684 3461 llbidlui
705 3413 831 3471 traderent,
845 3423 918 3469 seque
934 3410 982 3455 allo
998 3419 1045 3456 cou

126 3485 221 3533 terrent.
