2452 3938
129 259 168 323 ta
513 280 667 326 urnrrsores
708 318 716 335 ,

129 371 240 449 cieret,
276 391 363 452 quam
384 372 473 434 celeri
492 392 566 455 opus
589 385 667 436 esset
694 377 815 439 anxilio.
836 377 922 440 Domi
950 389 1048 440 autem

126 469 219 531 creati
237 469 338 530 decem
357 478 506 550 praetores
532 470 592 551 (l),
619 472 670 552 qui
700 473 842 535 exercitui
864 484 1047 555 praeessent;

128 566 158 628 in
187 565 229 628 eis
246 564 401 627 Miltiades.
421 564 502 628 Inter
520 584 595 648 quos
617 587 724 647 magne
745 570 807 632 ,luit
828 571 992 646 contentio,
1010 591 1049 634 u·

129 674 206 725 trum
229 662 385 725 moenibus
403 681 434 725 se
452 664 656 742 defenderent,
674 684 712 727 on
730 666 846 730 obuiam
866 667 943 729 irent
957 668 1049 730 hosti·

127 762 194 838 bus,
213 761 336 841 acieque
350 760 555 824 decernerent.
569 760 651 824 Unus
665 761 809 826 Miltiades
828 765 954 827 maxime
972 766 1049 828 nite·

125 859 224 936 hatur,
244 869 277 922 ut
292 859 387 940 primo
414 878 533 940 quoque
552 869 684 940 tempore
710 870 807 923 castra
825 863 941 924 herent.
970 863 1048 926 Idri

124 961 236 1040 sectum
250 965 333 1034 essct,
349 958 501 1022 etcioihus
518 959 652 1021 animum
670 975 866 1036 accessurum,
882 977 952 1023 cum
965 962 1047 1023 oide-

124 1065 190 1118 rcnt
208 1057 242 1118 de
253 1072 356 1117 eorum
367 1055 477 1118 uirtute
490 1073 553 1118 oon
567 1057 729 1136 desperari,
748 1064 775 1119 et
792 1057 885 1120 hostes
902 1058 1049 1121 codemrc

115 1156 188 1241 sore
203 1153 359 1229 tardiores,
378 1153 406 1214 si
426 1155 705 1232 animaduerterent,
723 1154 830 1218 auderi
851 1155 992 1217 aduersus
1016 1174 1049 1218 ee

124 1259 186 1314 tom
204 1251 321 1331 eripuis
337 1251 427 1330 copiis
441 1251 594 1313 dimicare.

165 1346 200 1411 V.
220 1347 282 1410 Hoc
302 1347 333 1408 in
359 1356 490 1427 tempore
518 1346 566 1428 (⁹2)
587 1348 667 1409 nulla
686 1347 786 1409 civitas
807 1347 1044 1412 Atheniensibus

123 1444 233 1505 auxilio
251 1443 325 1519 tuit,
344 1452 461 1523 praeter
476 1441 692 1504 Plataeensium
711 1444 776 1524 (3);
804 1463 840 1505 ea
861 1444 942 1505 mille
962 1446 1044 1508 misit

123 1541 262 1602 militurn.
281 1540 383 1621 ltaque
401 1539 506 1600 horum
522 1540 652 1608 ,adventu
670 1540 771 1602 decem
793 1540 884 1602 millia
908 1550 1043 1604 armato·

122 1656 189 1703 rum
204 1637 351 1718 completa
369 1645 448 1712 sunt;
470 1654 545 1717 quae
565 1655 669 1698 manus
688 1636 817 1699 mirabili
835 1637 977 1716 flagrabat
991 1659 1045 1720 pu·

121 1734 231 1813 gnondi
244 1734 416 1815 cupiditate:
434 1752 492 1813 quo
505 1733 614 1794 loetum
630 1741 687 1810 est,
703 1742 748 1810 ut,
767 1733 833 1815 plus
846 1752 935 1814 quam
954 1736 1045 1799 colle·

121 1850 188 1910 gae,
206 1829 352 1892 Miltiades
369 1830 504 1892 valuerit.
522 1829 593 1892 Eius
616 1831 695 1892 enim
714 1831 890 1893 auctoritate
908 1831 1042 1912 impulsi,

103 1927 317 1994 ,Athenienses
328 1928 429 2009 copias
446 1947 481 1988 ex
499 1928 572 1989 urbe
590 1927 773 2004 eduxerunt,
791 1928 917 2009 locoque
934 1929 1043 1992 idoneo

27 2101 33 2116 ι
122 2033 217 2087 castra
233 2026 378 2102 iecerunt3
401 2024 508 2086 deinde
526 2033 643 2106 postero
660 2023 719 2101 die,
736 2023 792 2087 suh
806 2027 915 2088 montis
932 2026 979 2107 (l)
998 2045 1045 2088 ra·

122 2121 249 2198 dicihus,
266 2120 328 2184 acie
348 2141 364 2184 e
381 2121 502 2201 regione
519 2121 673 2198 instructa,
688 2141 764 2183 nora
783 2131 857 2199 arte,
881 2122 909 2184 ui
927 2142 1044 2186 summa

121 2221 266 2303 proelium
296 2219 519 2281 commiserunt.
549 2219 682 2300 Namque
704 2219 825 2281 arbores
844 2219 943 2281 multis
970 2220 1044 2281 locis

122 2327 207 2381 erant
219 2326 339 2394 stratae,
358 2318 412 2379 hoc
430 2317 565 2394 consilio,
596 2326 640 2394 ut,
663 2325 693 2379 et
711 2316 856 2378 montium
874 2324 1044 2394 tegerentur

120 2479 201 2540 fuere,
222 2480 263 2536 qui
282 2490 391 2536 magnum
412 2478 501 2525 ltlneris
515 2478 616 2536 spatium
640 2489 684 2536 per
702 2477 764 2524 diem
780 2476 883 2534 emensi,
899 2475 942 2522 olli
955 2474 1043 2521 deinde

121 2549 214 2599 cursori
225 2548 335 2608 epistolas
349 2549 512 2605 nunciosque,
529 2549 578 2606 pori
594 2547 663 2592 modo
675 2544 812 2593 deterendos
824 2578 830 2603 ,
842 2542 1043 2596 commendarent.

153 2620 186 2678 (l)
201 2618 302 2675 intellige
321 2618 402 2663 decem
421 2616 478 2662 belli
500 2616 580 2673 duces,
594 2617 641 2661 sive
658 2616 804 2683 στρατηγούς.
818 2612 858 2658 liic
873 2612 989 2657 Cornellus
1004 2627 1042 2661 ro·

122 2701 192 2735 mano
207 2688 283 2732 utllur
302 2686 386 2745 rerbo,
401 2690 450 2741 huo
473 2685 489 2730 il
510 2685 610 2744 primum
631 2683 817 2742 appellarentur,
832 2683 873 2739 qui
887 2682 924 2727 ius
938 2681 1043 2732 dicerent

121 2761 184 2806 inter
198 2758 268 2813 cives,
282 2754 318 2798 vel
334 2754 396 2798 inter
407 2753 469 2798 eires
484 2755 508 2798 et
524 2754 666 2811 peregrinos,
678 2751 735 2797 dum
747 2763 784 2795 res
795 2761 891 2795 romana
900 2750 980 2796 ltaliae
993 2754 1044 2798 tint·

120 2831 165 2877 hus
177 2829 288 2876 contenta
301 2824 359 2883 luit3
371 2826 453 2883 postea
466 2835 601 2882 veroquam
613 2825 692 2882 plures
707 2822 839 2882 provinciae
848 2821 873 2866 iu
888 2822 1043 2871 homanorum

121 2899 233 2944 ditionem
248 2906 390 2952 concessere,
406 2895 430 2937 et
439 2892 506 2950 plura
514 2892 577 2938 bella
588 2889 660 2949 fuere,
676 2884 871 2949 quomeousules,
882 2891 923 2947 qui
933 2902 961 2935 ea
972 2903 1042 2948 agero

120 2968 228 3025 possent3
243 2965 376 3023 praetorum
392 2963 474 3007 anctus
488 2961 646 3012 estmumerus
661 2960 685 3003 et
696 2961 797 3018 potestas
812 2969 894 3004 eorum
908 2969 923 3002 a
937 2959 1000 3004 civili
1016 2971 1042 3004 re

120 3034 149 3079 ad
161 3034 281 3078 militarem
297 3032 364 3076 ettam
381 3031 476 3088 prolato.
869 3043 871 3049 ·

150 3101 182 3156 (2)
202 3097 394 3155 ltal.:1npoelle
411 3101 498 3141 strette.
516 3095 618 3155 Tempus
639 3095 701 3140 enim
724 3093 842 3140 interdum
857 3104 900 3152 pro
914 3091 1002 3140 difficili
1018 3098 1042 3143 et

121 3171 217 3228 ancipili
232 3181 256 3214 re
272 3169 404 3224 usurpetur.

150 3239 181 3291 (5)
198 3236 289 3280 Plataea
311 3236 416 3280 ttoeottae
433 3230 549 3279 urbs-luit
569 3230 599 3275 ed
619 3230 731 3276 citeronts
746 3229 830 3274 montis
844 3228 935 3276 radices
949 3233 973 3276 et
988 3234 1042 3279 stu·

121 3318 161 3350 cae
176 3305 247 3349 lines:
266 3303 364 3348 Lirodto
380 3304 517 3348 recentiores
532 3300 657 3358 appellant.

150 3375 183 3428 tlt
197 3374 238 3419 Gul
251 3385 265 3418 a
278 3371 338 3416 Pone
350 3371 394 3416 deo
409 3369 495 3415 iactum
511 3380 595 3414 nomen
610 3367 686 3426 esset3
703 3367 780 3421 immo,
796 3362 878 3410 leslnm
894 3365 1040 3411 inilltusho·

27 3463 34 3475 ν
120 3451 199 3486 norem
210 3439 349 3496 institutum,
365 3439 442 3482 narrat
455 3437 587 3494 Pausanias,
603 3433 720 3493 eoquod,
735 3432 841 3478 hostibus
854 3435 952 3494 punico,
970 3445 1040 3491 quem

125 3509 222 3568 uocant,
236 3507 323 3554 terrore
338 3502 430 3566 togatis,
445 3504 565 3551 victoriam
580 3502 757 3551 Atheniensibus
771 3501 899 3550 detulisset.
