2452 3938
217 225 277 290 lto
602 247 750 295 rruonnon

255 332 304 398 lV.
321 333 375 397 Hic
394 354 460 398 curn
484 345 580 400 aetate
604 339 664 400 iam
686 349 843 421 provectus
868 351 964 421 esset,
991 343 1057 421 sine
1074 345 1134 408 ullo

212 431 317 494 morbo
337 433 450 494 lumine
465 435 617 495 oculorum
637 437 747 499 amisit:
771 456 859 519 quam
880 441 1079 517 calamitatem
1094 444 1134 508 im

211 528 362 591 moderate
380 530 459 604 tulit,
479 540 511 591 ut
526 548 623 611 neque
641 551 709 594 eum
722 543 894 614 querentem
911 537 1070 618 qnisquam
1081 557 1135 600 an·

210 624 309 702 dierit,
327 644 424 706 neque
443 645 479 688 eo
502 628 599 688 rninns
625 630 745 710 privatis
771 631 957 714 publicisque
975 633 1066 697 rebus
1084 633 1134 697 in*

211 721 353 786 terluerit.
380 721 524 787 Veniebat
546 735 644 788 autem
673 726 704 788 in
735 728 883 791 theatrum
899 729 959 811 (l),
988 749 1057 793 cnm
1089 730 1132 794 ibi

209 817 368 880 concilium
386 819 488 900 populi
507 820 687 899 haberetur,
708 832 830 905 propter
857 826 1057 888 valetudinem
1085 846 1135 890 re·

208 924 273 977 ctus
292 915 572 994 iumentisiunctis,
592 927 680 999 atque
703 919 744 981 ita
761 919 799 981 cle
816 916 964 1000 vehiculo,
989 941 1067 1004 quae
1084 925 1132 985 vi-

207 1012 354 1076 debantur
372 1013 432 1096 (2),
452 1014 579 1077 dicebat.
595 1014 696 1096 Neque
711 1015 766 1077 hoc
785 1017 828 1078 illi
842 1019 1002 1100 quisquam
1018 1019 1132 1084 tribue·

208 1112 258 1173 bat
276 1111 444 1191 superbiam
468 1112 541 1174 nihil
561 1112 640 1174 enim
655 1132 786 1194 unquam
810 1133 907 1195 neque
926 1116 1059 1178 insolens
1074 1137 1130 1181 ne-

207 1227 265 1290 que
279 1209 442 1287 gloriosum
455 1228 489 1270 ex
505 1229 554 1270 ore
572 1211 636 1272 eius
656 1211 736 1272 exiit.
756 1209 811 1283 Qui
827 1210 1045 1291 quidem,cun1
1061 1233 1131 1278 suas

206 1307 309 1369 laudes
327 1306 442 1368 audiret
454 1307 632 1387 praedicari,
651 1326 812 1388 numquam
830 1308 909 1369 alind
925 1309 1010 1386 dimit,
1024 1330 1127 1391 quum:

204 1405 242 1469 Se
258 1405 292 1466 io
309 1421 344 1466 eo
363 1420 398 1466 re
414 1404 560 1466 mucimus
577 1404 636 1465 otte
656 1406 769 1483 mutim
789 1422 877 1484 cqere
901 1412 987 1484 atquc
1003 1404 1127 1485 tubero,

204 1504 281 1581 qood
297 1518 363 1564 com
384 1501 518 1564 Siciliam
533 1516 668 1562 recreare
691 1502 926 1579 constituissent,
946 1509 1010 1565 tom
1026 1522 1059 1567 ee
1071 1523 1128 1584 po·

202 1598 349 1660 tissimum
363 1598 464 1659 docem
481 1612 541 1658 esse
554 1596 725 1659 voluissent.
745 1594 824 1656 Nihil
846 1598 927 1659 enim
946 1616 1047 1660 rerum
1069 1602 1127 1664 hu-

199 1710 356 1755 manorum
371 1693 435 1754 sine
447 1691 569 1753 deorum
584 1691 707 1753 numine
723 1692 769 1770 agi
785 1692 919 1772 putabet.
937 1691 1043 1775 Itaque
1054 1714 1126 1759 suec

198 1787 279 1851 domi
299 1789 440 1851 sacellum
456 1786 636 1866 Αὐτοματίας
649 1787 697 1870 (3)
715 1789 919 1866 constituerat,
942 1790 1033 1872 idque
1051 1809 1125 1855 san·

198 1889 329 1953 ctissime
346 1891 473 1953 colebat.

121 2040 134 2074 n
151 2031 190 2075 55,
239 1984 275 2050 V.
289 1986 333 2048 An
347 1986 421 2050 hanc
433 1973 561 2049 hominis
574 1986 766 2047 excellentem
785 1984 947 2047 honitatem
969 1985 1121 2052 mirabiles

136 2063 142 2076 ⁸
198 2094 490 2147 accesseruntcasus
502 2082 575 2145 llam
584 2083 696 2164 proelia
705 2082 833 2144 maxima
844 2081 936 2144 natali
948 2082 996 2148 dio
1007 2103 1063 2146 suo
1075 2086 1121 2166 (4)

196 2181 266 2242 lecit
285 2182 396 2244 omnia:
411 2182 587 2263 quoloctum
603 2189 658 2258 est,
672 2189 705 2241 ut
717 2178 850 2242 eiusdem
867 2178 995 2241 natalem
1012 2180 1121 2243 testum

198 2278 320 2340 haberet
340 2279 478 2341 universa
489 2276 601 2341 Sicilia.
615 2275 691 2339 Huic
702 2276 822 2358 quidem
833 2273 1013 2363 Lomestius,
1031 2276 1121 2341 homo

195 2375 389 2456 petulanset
414 2376 565 2454 ingratus,
596 2373 797 2435 vadimonium
823 2391 890 2434 cum
910 2373 998 2434 vellet
1019 2373 1120 2456 impo-

196 2488 268 2534 nere
288 2471 349 2552 (5),
370 2472 447 2552 quod
468 2489 536 2532 cum
551 2470 602 2532 illo
620 2487 652 2532 se
668 2470 732 2548 lege
746 2487 834 2547 agere
849 2469 972 2544 diceret,
992 2478 1023 2532 et
1039 2489 1122 2533 com·

195 2569 297 2649 plures
314 2568 544 2642 concurrissent,
563 2566 614 2648 qui
641 2567 849 2647 procacitatem
869 2565 999 2627 hominis
1018 2568 1120 2630 mani-

195 2665 250 2727 bus
269 2667 406 2725 coercere
422 2672 612 2740 conarentur,
631 2662 785 2723 Timoleon
804 2661 896 2723 oravit
909 2679 1012 2724 omnes
1031 2681 1071 2726 oe
1084 2665 1118 2727 itt

192 2765 337 2845 furerent:
357 2777 484 2839 numque
507 2760 539 2822 id
557 2768 592 2823 ut
607 2759 752 2822 Lomestio
775 2759 933 2837 ceterisque
954 2758 1065 2838 liceret,
1088 2779 1120 2823 se

222 2983 254 3041 (Ι)
269 2983 294 3029 lu
309 2995 339 3031 oo
360 2983 425 3030 onim
450 2994 500 3028 uros
522 2984 571 3028 erat
590 2981 682 3028 Graecis
704 2979 733 3027 ue
748 2979 819 3025 robus
835 2979 936 3039 publicis
949 2979 975 3024 ln
989 2989 1117 3024 commune

191 3053 322 3098 consulore.
338 3053 340 3056 ⁴

219 3118 252 3177 (2)
267 3119 328 3173 lrlest
341 3117 480 3164 seutentiam
492 3126 566 3161 suum.

221 3184 252 3242 (5)
273 3185 323 3232 Stre
347 3185 470 3243 Fortunae,
495 3193 557 3239 quun
572 3181 647 3227 Forth
665 3181 767 3226 Fortuuu
789 3179 897 3225 itomun'rs
918 3177 986 3235 esset,
1001 3176 1115 3235 culnsquo

190 3254 288 3298 numine
302 3255 386 3298 cuncte
400 3251 504 3297 humana
519 3251 661 3306 regerentur.

218 3317 250 3370 lto
262 3318 309 3376 Qut
323 3319 385 3364 xxtrl
401 3316 443 3363 lull
458 3318 544 3362 mensts
554 3315 697 3370 'lurgelionis
712 3312 813 3373 (aprile).

220 3384 251 3445 (ὅ)
266 3385 290 3430 lu
305 3384 417 3430 tourcrum
432 3384 531 3442 vocaret,
546 3384 570 3428 et
587 3394 642 3429 eum
658 3381 773 3441 spondere
797 3379 873 3438 vellet,
887 3378 923 3423 vel
942 3390 968 3425 so
983 3378 1020 3422 rel
1036 3377 1109 3424 ructet

186 3451 274 3500 mutuo
287 3451 326 3498 uto
340 3450 461 3496 cuntur-os.
