<?xml version="1.0" encoding="UTF-8"?>
<!DOCTYPE html PUBLIC "-//W3C//DTD XHTML 1.0 Transitional//EN"
    "http://www.w3.org/TR/xhtml1/DTD/xhtml1-transitional.dtd">
<html xmlns="http://www.w3.org/1999/xhtml" xml:lang="en" lang="en">
 <head>
  <title>
</title>
<meta http-equiv="Content-Type" content="text/html;charset=utf-8" />
  <meta name='ocr-system' content='tesseract 3.04.00' />
  <meta name='ocr-capabilities' content='ocr_page ocr_carea ocr_par ocr_line ocrx_word'/>
</head>
<body>
  <div class='ocr_page' id='page_1' title='image "./corneliinepotis18nepogoog_0187.png"; bbox 0 0 2452 3938; ppageno 0'>
   <div class='ocr_carea' id='block_1_1' title="bbox 216 215 875 278">
    <p class='ocr_par' dir='ltr' id='par_1_1' title="bbox 216 215 875 278">
     <span class='ocr_line' id='line_1_1' title="bbox 216 215 875 278; baseline 0 -2"><span class='ocrx_word' id='word_1_1' title='bbox 216 215 276 278; x_wconf 76' lang='lat' dir='ltr'><strong>tub</strong></span> <span class='ocrx_word' id='word_1_2' title='bbox 474 229 737 278; x_wconf 85' lang='lat' dir='ltr'><strong>rrrosrouronrus</strong></span> <span class='ocrx_word' id='word_1_3' title='bbox 753 229 875 276; x_wconf 79' lang='lat' dir='ltr'><strong>rrrtcus</strong></span> 
     </span>
    </p>
   </div>
   <div class='ocr_carea' id='block_1_2' title="bbox 199 321 1133 3173">
    <p class='ocr_par' dir='ltr' id='par_1_2' title="bbox 211 321 1133 503">
     <span class='ocr_line' id='line_1_2' title="bbox 212 321 1133 402; baseline 0.004 -15"><span class='ocrx_word' id='word_1_4' title='bbox 212 325 325 388; x_wconf 91' lang='lat' dir='ltr'><strong>iunctio</strong></span> <span class='ocrx_word' id='word_1_5' title='bbox 347 324 597 389; x_wconf 77' lang='lat' dir='ltr'>necessitudinem</span> <span class='ocrx_word' id='word_1_6' title='bbox 627 341 730 387; x_wconf 87' lang='lat' dir='ltr'><strong>eorum</strong></span> <span class='ocrx_word' id='word_1_7' title='bbox 760 323 874 402; x_wconf 82' lang='lat' dir='ltr'><strong>sanxit,</strong></span> <span class='ocrx_word' id='word_1_8' title='bbox 901 321 1133 391; x_wconf 76' lang='lat' dir='ltr'><strong>familiaritatem</strong></span> 
     </span>
     <span class='ocr_line' id='line_1_3' title="bbox 211 420 886 503; baseline -0.007 -18"><span class='ocrx_word' id='word_1_9' title='bbox 211 422 341 485; x_wconf 75' lang='lat' dir='ltr'><strong>reddidit</strong></span> <span class='ocrx_word' id='word_1_10' title='bbox 359 420 602 503; x_wconf 82' lang='lat' dir='ltr'><strong>frequentiorem.</strong></span> <span class='ocrx_word' id='word_1_11' title='bbox 883 493 886 499; x_wconf 33' lang='grc'><strong><em>,</em></strong></span> 
     </span>
    </p>

    <p class='ocr_par' dir='ltr' id='par_1_3' title="bbox 199 508 1133 2820">
     <span class='ocr_line' id='line_1_4' title="bbox 251 508 1132 605; baseline 0.005 -26"><span class='ocrx_word' id='word_1_12' title='bbox 251 516 312 580; x_wconf 86' lang='lat' dir='ltr'><strong>XX.</strong></span> <span class='ocrx_word' id='word_1_13' title='bbox 332 515 471 590; x_wconf 85' lang='lat' dir='ltr'><strong>Quamvis</strong></span> <span class='ocrx_word' id='word_1_14' title='bbox 495 525 563 580; x_wconf 90' lang='lat' dir='ltr'><strong>ante</strong></span> <span class='ocrx_word' id='word_1_15' title='bbox 587 508 661 582; x_wconf 90' lang='lat' dir='ltr'><strong>haec</strong></span> <span class='ocrx_word' id='word_1_16' title='bbox 679 517 839 597; x_wconf 81' lang='lat' dir='ltr'><strong>sponsalia,</strong></span> <span class='ocrx_word' id='word_1_17' title='bbox 865 536 925 579; x_wconf 88' lang='lat' dir='ltr'><strong>non</strong></span> <span class='ocrx_word' id='word_1_18' title='bbox 948 518 1046 605; x_wconf 87' lang='lat' dir='ltr'><strong>solum</strong></span> <span class='ocrx_word' id='word_1_19' title='bbox 1063 537 1132 583; x_wconf 90' lang='lat' dir='ltr'><strong>oum</strong></span> 
     </span>
     <span class='ocr_line' id='line_1_5' title="bbox 210 614 1132 696; baseline 0.001 -20"><span class='ocrx_word' id='word_1_20' title='bbox 210 615 247 677; x_wconf 86' lang='lat' dir='ltr'><strong>ab</strong></span> <span class='ocrx_word' id='word_1_21' title='bbox 263 615 336 678; x_wconf 89' lang='lat' dir='ltr'><strong>urbo</strong></span> <span class='ocrx_word' id='word_1_22' title='bbox 356 615 485 691; x_wconf 89' lang='lat' dir='ltr'><strong>abesset,</strong></span> <span class='ocrx_word' id='word_1_23' title='bbox 504 632 658 695; x_wconf 87' lang='lat' dir='ltr'><strong>nunquam</strong></span> <span class='ocrx_word' id='word_1_24' title='bbox 682 614 719 675; x_wconf 90' lang='lat' dir='ltr'><strong>ad</strong></span> <span class='ocrx_word' id='word_1_25' title='bbox 743 632 863 676; x_wconf 89' lang='lat' dir='ltr'><strong>suorum</strong></span> <span class='ocrx_word' id='word_1_26' title='bbox 887 632 1067 696; x_wconf 89' lang='lat' dir='ltr'><strong>quemquam</strong></span> <span class='ocrx_word' id='word_1_27' title='bbox 1090 616 1132 678; x_wconf 94' lang='lat' dir='ltr'><strong>li-</strong></span> 
     </span>
     <span class='ocr_line' id='line_1_6' title="bbox 208 710 1130 792; baseline 0.003 -20"><span class='ocrx_word' id='word_1_28' title='bbox 208 721 288 773; x_wconf 82' lang='lat' dir='ltr'><strong>teras</strong></span> <span class='ocrx_word' id='word_1_29' title='bbox 302 711 395 787; x_wconf 89' lang='lat' dir='ltr'><strong>misit,</strong></span> <span class='ocrx_word' id='word_1_30' title='bbox 413 711 483 792; x_wconf 90' lang='lat' dir='ltr'><strong>quin</strong></span> <span class='ocrx_word' id='word_1_31' title='bbox 501 710 598 773; x_wconf 81' lang='lat' dir='ltr'><strong>Attico</strong></span> <span class='ocrx_word' id='word_1_32' title='bbox 610 710 751 785; x_wconf 88' lang='lat' dir='ltr'><strong>mitteret,</strong></span> <span class='ocrx_word' id='word_1_33' title='bbox 769 710 841 789; x_wconf 81' lang='lat' dir='ltr'><strong>quid</strong></span> <span class='ocrx_word' id='word_1_34' title='bbox 852 717 952 791; x_wconf 73' lang='lat' dir='ltr'><strong>aperui</strong></span> <span class='ocrx_word' id='word_1_35' title='bbox 965 710 1130 791; x_wconf 83' lang='lat' dir='ltr'><strong>inprimis,</strong></span> 
     </span>
     <span class='ocr_line' id='line_1_7' title="bbox 206 807 1133 889; baseline 0.002 -19"><span class='ocrx_word' id='word_1_36' title='bbox 206 809 279 887; x_wconf 82' lang='lat' dir='ltr'><strong>quid</strong></span> <span class='ocrx_word' id='word_1_37' title='bbox 299 809 418 889; x_wconf 80' lang='lat' dir='ltr'><strong>teperet,</strong></span> <span class='ocrx_word' id='word_1_38' title='bbox 438 809 598 888; x_wconf 82' lang='lat' dir='ltr'><strong>quibusque</strong></span> <span class='ocrx_word' id='word_1_39' title='bbox 614 807 740 885; x_wconf 78' lang='lat' dir='ltr'><strong>inlotis,</strong></span> <span class='ocrx_word' id='word_1_40' title='bbox 758 816 888 888; x_wconf 80' lang='lat' dir='ltr'><strong>olquam</strong></span> <span class='ocrx_word' id='word_1_41' title='bbox 909 808 962 871; x_wconf 84' lang='lat' dir='ltr'><strong>die</strong></span> <span class='ocrx_word' id='word_1_42' title='bbox 975 816 1049 872; x_wconf 85' lang='lat' dir='ltr'><strong>esset</strong></span> <span class='ocrx_word' id='word_1_43' title='bbox 1070 827 1133 872; x_wconf 79' lang='lat' dir='ltr'><strong>uto·</strong></span> 
     </span>
     <span class='ocr_line' id='line_1_8' title="bbox 204 903 1131 985; baseline 0.002 -20"><span class='ocrx_word' id='word_1_44' title='bbox 204 913 343 968; x_wconf 81' lang='lat' dir='ltr'><strong>ratores:</strong></span> <span class='ocrx_word' id='word_1_45' title='bbox 361 904 413 967; x_wconf 90' lang='lat' dir='ltr'><strong>sed</strong></span> <span class='ocrx_word' id='word_1_46' title='bbox 429 914 470 976; x_wconf 88' lang='lat' dir='ltr'><strong>et,</strong></span> <span class='ocrx_word' id='word_1_47' title='bbox 485 923 553 966; x_wconf 89' lang='lat' dir='ltr'><strong>oum</strong></span> <span class='ocrx_word' id='word_1_48' title='bbox 568 912 646 966; x_wconf 92' lang='lat' dir='ltr'><strong>esset</strong></span> <span class='ocrx_word' id='word_1_49' title='bbox 660 903 692 965; x_wconf 92' lang='lat' dir='ltr'><strong>in</strong></span> <span class='ocrx_word' id='word_1_50' title='bbox 711 903 796 982; x_wconf 92' lang='lat' dir='ltr'><strong>urbe,</strong></span> <span class='ocrx_word' id='word_1_51' title='bbox 807 913 835 966; x_wconf 89' lang='lat' dir='ltr'><strong>et</strong></span> <span class='ocrx_word' id='word_1_52' title='bbox 843 913 963 985; x_wconf 89' lang='lat' dir='ltr'><strong>propter</strong></span> <span class='ocrx_word' id='word_1_53' title='bbox 976 924 1046 967; x_wconf 90' lang='lat' dir='ltr'><strong>suas</strong></span> <span class='ocrx_word' id='word_1_54' title='bbox 1060 906 1131 968; x_wconf 90' lang='lat' dir='ltr'><strong>infi-</strong></span> 
     </span>
     <span class='ocr_line' id='line_1_9' title="bbox 204 999 1130 1083; baseline 0.004 -23"><span class='ocrx_word' id='word_1_55' title='bbox 204 999 281 1071; x_wconf 87' lang='lat' dir='ltr'><strong>nitas</strong></span> <span class='ocrx_word' id='word_1_56' title='bbox 310 1001 519 1083; x_wconf 90' lang='lat' dir='ltr'><strong>occupationes</strong></span> <span class='ocrx_word' id='word_1_57' title='bbox 542 999 641 1062; x_wconf 90' lang='lat' dir='ltr'><strong>minus</strong></span> <span class='ocrx_word' id='word_1_58' title='bbox 663 1019 763 1081; x_wconf 86' lang='lat' dir='ltr'><strong>saepe,</strong></span> <span class='ocrx_word' id='word_1_59' title='bbox 794 1019 883 1081; x_wconf 90' lang='lat' dir='ltr'><strong>quam</strong></span> <span class='ocrx_word' id='word_1_60' title='bbox 906 1001 1006 1077; x_wconf 82' lang='lat' dir='ltr'><strong>vellet,</strong></span> <span class='ocrx_word' id='word_1_61' title='bbox 1031 1000 1130 1064; x_wconf 84' lang='lat' dir='ltr'><strong>Attico</strong></span> 
     </span>
     <span class='ocr_line' id='line_1_10' title="bbox 203 1095 1129 1180; baseline 0.004 -23"><span class='ocrx_word' id='word_1_62' title='bbox 203 1095 362 1174; x_wconf 80' lang='lat' dir='ltr'><strong>frueretur,</strong></span> <span class='ocrx_word' id='word_1_63' title='bbox 376 1098 475 1160; x_wconf 90' lang='lat' dir='ltr'><strong>nullus</strong></span> <span class='ocrx_word' id='word_1_64' title='bbox 494 1096 556 1160; x_wconf 91' lang='lat' dir='ltr'><strong>dies</strong></span> <span class='ocrx_word' id='word_1_65' title='bbox 571 1105 671 1160; x_wconf 89' lang='lat' dir='ltr'><strong>tamen</strong></span> <span class='ocrx_word' id='word_1_66' title='bbox 686 1104 797 1159; x_wconf 89' lang='lat' dir='ltr'><strong>temere</strong></span> <span class='ocrx_word' id='word_1_67' title='bbox 809 1097 857 1178; x_wconf 91' lang='lat' dir='ltr'><strong>(l)</strong></span> <span class='ocrx_word' id='word_1_68' title='bbox 876 1096 1053 1174; x_wconf 88' lang='lat' dir='ltr'><strong>intercessit,</strong></span> <span class='ocrx_word' id='word_1_69' title='bbox 1070 1118 1129 1180; x_wconf 90' lang='lat' dir='ltr'><strong>quo</strong></span> 
     </span>
     <span class='ocr_line' id='line_1_11' title="bbox 203 1193 1130 1276; baseline 0.002 -21"><span class='ocrx_word' id='word_1_70' title='bbox 203 1212 263 1255; x_wconf 91' lang='lat' dir='ltr'><strong>non</strong></span> <span class='ocrx_word' id='word_1_71' title='bbox 282 1195 403 1256; x_wconf 90' lang='lat' dir='ltr'><strong>adeum</strong></span> <span class='ocrx_word' id='word_1_72' title='bbox 429 1193 582 1257; x_wconf 86' lang='lat' dir='ltr'><strong>scriberet:</strong></span> <span class='ocrx_word' id='word_1_73' title='bbox 601 1212 668 1256; x_wconf 87' lang='lat' dir='ltr'><strong>oum</strong></span> <span class='ocrx_word' id='word_1_74' title='bbox 692 1194 781 1256; x_wconf 91' lang='lat' dir='ltr'><strong>modo</strong></span> <span class='ocrx_word' id='word_1_75' title='bbox 804 1193 915 1276; x_wconf 90' lang='lat' dir='ltr'><strong>aliquid</strong></span> <span class='ocrx_word' id='word_1_76' title='bbox 935 1194 973 1255; x_wconf 92' lang='lat' dir='ltr'><strong>de</strong></span> <span class='ocrx_word' id='word_1_77' title='bbox 995 1195 1130 1276; x_wconf 91' lang='lat' dir='ltr'><strong>antiqui·</strong></span> 
     </span>
     <span class='ocr_line' id='line_1_12' title="bbox 202 1290 1129 1373; baseline 0.004 -22"><span class='ocrx_word' id='word_1_78' title='bbox 202 1297 262 1352; x_wconf 89' lang='lat' dir='ltr'><strong>tate</strong></span> <span class='ocrx_word' id='word_1_79' title='bbox 282 1291 318 1353; x_wconf 93' lang='lat' dir='ltr'><strong>ab</strong></span> <span class='ocrx_word' id='word_1_80' title='bbox 338 1309 373 1354; x_wconf 90' lang='lat' dir='ltr'><strong>eo</strong></span> <span class='ocrx_word' id='word_1_81' title='bbox 392 1291 572 1372; x_wconf 86' lang='lat' dir='ltr'><strong>requireret,</strong></span> <span class='ocrx_word' id='word_1_82' title='bbox 587 1291 675 1352; x_wconf 90' lang='lat' dir='ltr'><strong>modo</strong></span> <span class='ocrx_word' id='word_1_83' title='bbox 687 1291 817 1371; x_wconf 89' lang='lat' dir='ltr'><strong>aliquam</strong></span> <span class='ocrx_word' id='word_1_84' title='bbox 833 1290 1038 1372; x_wconf 88' lang='lat' dir='ltr'><strong>quaestionem</strong></span> <span class='ocrx_word' id='word_1_85' title='bbox 1055 1298 1129 1373; x_wconf 75' lang='lat' dir='ltr'><strong>pod-</strong></span> 
     </span>
     <span class='ocr_line' id='line_1_13' title="bbox 204 1386 1130 1470; baseline 0.004 -22"><span class='ocrx_word' id='word_1_86' title='bbox 204 1386 292 1449; x_wconf 90' lang='lat' dir='ltr'><strong>ticam</strong></span> <span class='ocrx_word' id='word_1_87' title='bbox 308 1388 336 1450; x_wconf 89' lang='lat' dir='ltr'><strong>ei</strong></span> <span class='ocrx_word' id='word_1_88' title='bbox 354 1397 543 1470; x_wconf 88' lang='lat' dir='ltr'><strong>proponeret,</strong></span> <span class='ocrx_word' id='word_1_89' title='bbox 566 1388 716 1450; x_wconf 91' lang='lat' dir='ltr'><strong>interdum</strong></span> <span class='ocrx_word' id='word_1_90' title='bbox 734 1388 836 1450; x_wconf 84' lang='lat' dir='ltr'><strong>iocans</strong></span> <span class='ocrx_word' id='word_1_91' title='bbox 857 1387 921 1449; x_wconf 92' lang='lat' dir='ltr'><strong>eius</strong></span> <span class='ocrx_word' id='word_1_92' title='bbox 945 1386 1130 1452; x_wconf 88' lang='lat' dir='ltr'><strong>verbosiores</strong></span> 
     </span>
     <span class='ocr_line' id='line_1_14' title="bbox 202 1483 1128 1565; baseline 0.005 -20"><span class='ocrx_word' id='word_1_93' title='bbox 202 1483 322 1546; x_wconf 84' lang='lat' dir='ltr'><strong>eliceret</strong></span> <span class='ocrx_word' id='word_1_94' title='bbox 336 1485 486 1564; x_wconf 89' lang='lat' dir='ltr'><strong>epistolas.</strong></span> <span class='ocrx_word' id='word_1_95' title='bbox 504 1485 547 1547; x_wconf 86' lang='lat' dir='ltr'><strong>Ex</strong></span> <span class='ocrx_word' id='word_1_96' title='bbox 560 1503 618 1565; x_wconf 93' lang='lat' dir='ltr'><strong>quo</strong></span> <span class='ocrx_word' id='word_1_97' title='bbox 638 1483 756 1559; x_wconf 85' lang='lat' dir='ltr'><strong>accidit,</strong></span> <span class='ocrx_word' id='word_1_98' title='bbox 776 1502 844 1544; x_wconf 89' lang='lat' dir='ltr'><strong>cum</strong></span> <span class='ocrx_word' id='word_1_99' title='bbox 867 1483 957 1546; x_wconf 88' lang='lat' dir='ltr'><strong>aedes</strong></span> <span class='ocrx_word' id='word_1_100' title='bbox 974 1483 1051 1546; x_wconf 89' lang='lat' dir='ltr'><strong>Iovis</strong></span> <span class='ocrx_word' id='word_1_101' title='bbox 1068 1485 1128 1550; x_wconf 81' lang='lat' dir='ltr'><strong>re-</strong></span> 
     </span>
     <span class='ocr_line' id='line_1_15' title="bbox 201 1579 1128 1664; baseline 0.004 -23"><span class='ocrx_word' id='word_1_102' title='bbox 201 1580 284 1642; x_wconf 90' lang='lat' dir='ltr'><strong>retrii</strong></span> <span class='ocrx_word' id='word_1_103' title='bbox 304 1581 350 1662; x_wconf 73' lang='lat'><strong>(2)</strong></span> <span class='ocrx_word' id='word_1_104' title='bbox 370 1582 401 1641; x_wconf 91' lang='lat' dir='ltr'><strong>in</strong></span> <span class='ocrx_word' id='word_1_105' title='bbox 417 1580 560 1660; x_wconf 87' lang='lat' dir='ltr'><strong>Capitolio</strong></span> <span class='ocrx_word' id='word_1_106' title='bbox 579 1579 626 1660; x_wconf 88' lang='lat'><strong>(3)</strong></span> <span class='ocrx_word' id='word_1_107' title='bbox 645 1579 681 1642; x_wconf 87' lang='lat' dir='ltr'><strong>ab</strong></span> <span class='ocrx_word' id='word_1_108' title='bbox 698 1579 824 1641; x_wconf 87' lang='lat' dir='ltr'><strong>Romulo</strong></span> <span class='ocrx_word' id='word_1_109' title='bbox 847 1580 1017 1664; x_wconf 88' lang='lat' dir='ltr'><strong>constituta,</strong></span> <span class='ocrx_word' id='word_1_110' title='bbox 1041 1592 1128 1645; x_wconf 83' lang='lat' dir='ltr'><strong>vete-</strong></span> 
     </span>
     <span class='ocr_line' id='line_1_16' title="bbox 200 1675 1126 1758; baseline 0.005 -21"><span class='ocrx_word' id='word_1_111' title='bbox 200 1685 274 1738; x_wconf 86' lang='lat' dir='ltr'><strong>state</strong></span> <span class='ocrx_word' id='word_1_112' title='bbox 294 1685 382 1757; x_wconf 89' lang='lat' dir='ltr'><strong>atque</strong></span> <span class='ocrx_word' id='word_1_113' title='bbox 400 1677 517 1739; x_wconf 87' lang='lat' dir='ltr'><strong>incuria</strong></span> <span class='ocrx_word' id='word_1_114' title='bbox 539 1676 654 1738; x_wconf 88' lang='lat' dir='ltr'><strong>detecta</strong></span> <span class='ocrx_word' id='word_1_115' title='bbox 672 1675 887 1758; x_wconf 89' lang='lat' dir='ltr'><strong>prolaberetur,</strong></span> <span class='ocrx_word' id='word_1_116' title='bbox 904 1687 949 1753; x_wconf 88' lang='lat' dir='ltr'><strong>ut,</strong></span> <span class='ocrx_word' id='word_1_117' title='bbox 964 1677 1052 1740; x_wconf 81' lang='lat' dir='ltr'><strong>Attici</strong></span> <span class='ocrx_word' id='word_1_118' title='bbox 1071 1680 1126 1742; x_wconf 85' lang='lat' dir='ltr'><strong>ed-</strong></span> 
     </span>
     <span class='ocr_line' id='line_1_17' title="bbox 201 1771 1125 1856; baseline 0.006 -23"><span class='ocrx_word' id='word_1_119' title='bbox 201 1772 328 1850; x_wconf 91' lang='lat' dir='ltr'><strong>monitu,</strong></span> <span class='ocrx_word' id='word_1_120' title='bbox 347 1771 454 1836; x_wconf 85' lang='lat' dir='ltr'><strong>Caesar</strong></span> <span class='ocrx_word' id='word_1_121' title='bbox 475 1792 541 1835; x_wconf 84' lang='lat' dir='ltr'><strong>eam</strong></span> <span class='ocrx_word' id='word_1_122' title='bbox 569 1773 757 1836; x_wconf 85' lang='lat' dir='ltr'><strong>reficiendam</strong></span> <span class='ocrx_word' id='word_1_123' title='bbox 776 1783 904 1835; x_wconf 89' lang='lat' dir='ltr'><strong>curaret.</strong></span> <span class='ocrx_word' id='word_1_124' title='bbox 928 1772 1030 1856; x_wconf 89' lang='lat' dir='ltr'><strong>Neque</strong></span> <span class='ocrx_word' id='word_1_125' title='bbox 1056 1795 1125 1839; x_wconf 87' lang='lat' dir='ltr'><strong>vere</strong></span> 
     </span>
     <span class='ocr_line' id='line_1_18' title="bbox 200 1868 1124 1950; baseline 0.004 -19"><span class='ocrx_word' id='word_1_126' title='bbox 200 1868 330 1932; x_wconf 89' lang='lat' dir='ltr'><strong>allarco</strong></span> <span class='ocrx_word' id='word_1_127' title='bbox 344 1869 474 1932; x_wconf 85' lang='lat' dir='ltr'><strong>Antonio</strong></span> <span class='ocrx_word' id='word_1_128' title='bbox 492 1871 591 1932; x_wconf 89' lang='lat' dir='ltr'><strong>minus</strong></span> <span class='ocrx_word' id='word_1_129' title='bbox 611 1870 719 1932; x_wconf 90' lang='lat' dir='ltr'><strong>absens</strong></span> <span class='ocrx_word' id='word_1_130' title='bbox 735 1870 830 1932; x_wconf 87' lang='lat' dir='ltr'><strong>literis</strong></span> <span class='ocrx_word' id='word_1_131' title='bbox 852 1871 1026 1950; x_wconf 83' lang='lat' dir='ltr'><strong>colebatur3</strong></span> <span class='ocrx_word' id='word_1_132' title='bbox 1050 1873 1124 1935; x_wconf 88' lang='lat' dir='ltr'><strong>adeo</strong></span> 
     </span>
     <span class='ocr_line' id='line_1_19' title="bbox 200 1965 1124 2051; baseline 0.004 -24"><span class='ocrx_word' id='word_1_133' title='bbox 200 1977 233 2027; x_wconf 91' lang='lat' dir='ltr'><strong>ut</strong></span> <span class='ocrx_word' id='word_1_134' title='bbox 251 1977 387 2030; x_wconf 86' lang='lat' dir='ltr'><strong>accurate</strong></span> <span class='ocrx_word' id='word_1_135' title='bbox 405 1968 456 2030; x_wconf 89' lang='lat' dir='ltr'><strong>ille</strong></span> <span class='ocrx_word' id='word_1_136' title='bbox 478 1987 513 2030; x_wconf 85' lang='lat' dir='ltr'><strong>ex</strong></span> <span class='ocrx_word' id='word_1_137' title='bbox 532 1966 644 2030; x_wconf 91' lang='lat' dir='ltr'><strong>ultimis</strong></span> <span class='ocrx_word' id='word_1_138' title='bbox 662 1967 748 2029; x_wconf 87' lang='lat' dir='ltr'><strong>terris</strong></span> <span class='ocrx_word' id='word_1_139' title='bbox 768 1965 816 2046; x_wconf 80' lang='lat' dir='ltr'><strong>(l)</strong></span> <span class='ocrx_word' id='word_1_140' title='bbox 832 1967 903 2048; x_wconf 89' lang='lat' dir='ltr'><strong>quid</strong></span> <span class='ocrx_word' id='word_1_141' title='bbox 922 1977 1033 2046; x_wconf 82' lang='lat' dir='ltr'><strong>egeret,</strong></span> <span class='ocrx_word' id='word_1_142' title='bbox 1053 1970 1124 2051; x_wconf 90' lang='lat' dir='ltr'><strong>quid</strong></span> 
     </span>
     <span class='ocr_line' id='line_1_20' title="bbox 199 2063 1124 2141; baseline 0.004 -16"><span class='ocrx_word' id='word_1_143' title='bbox 199 2082 288 2127; x_wconf 89' lang='lat' dir='ltr'><strong>curae</strong></span> <span class='ocrx_word' id='word_1_144' title='bbox 314 2065 373 2127; x_wconf 90' lang='lat' dir='ltr'><strong>sibi</strong></span> <span class='ocrx_word' id='word_1_145' title='bbox 405 2064 540 2141; x_wconf 89' lang='lat' dir='ltr'><strong>baberet,</strong></span> <span class='ocrx_word' id='word_1_146' title='bbox 571 2063 728 2127; x_wconf 87' lang='lat' dir='ltr'><strong>certiorem</strong></span> <span class='ocrx_word' id='word_1_147' title='bbox 754 2063 865 2126; x_wconf 87' lang='lat' dir='ltr'><strong>feceret</strong></span> <span class='ocrx_word' id='word_1_148' title='bbox 888 2064 1030 2128; x_wconf 85' lang='lat' dir='ltr'><strong>Atticum.</strong></span> <span class='ocrx_word' id='word_1_149' title='bbox 1061 2065 1124 2129; x_wconf 92' lang='lat' dir='ltr'><strong>Hoc</strong></span> 
     </span>
     <span class='ocr_line' id='line_1_21' title="bbox 200 2160 1120 2243; baseline 0.004 -22"><span class='ocrx_word' id='word_1_150' title='bbox 200 2161 287 2242; x_wconf 91' lang='lat' dir='ltr'><strong>quale</strong></span> <span class='ocrx_word' id='word_1_151' title='bbox 305 2162 354 2240; x_wconf 87' lang='lat' dir='ltr'><strong>sit,</strong></span> <span class='ocrx_word' id='word_1_152' title='bbox 380 2162 496 2225; x_wconf 86' lang='lat' dir='ltr'><strong>facilius</strong></span> <span class='ocrx_word' id='word_1_153' title='bbox 521 2161 702 2224; x_wconf 82' lang='lat' dir='ltr'><strong>existimabit</strong></span> <span class='ocrx_word' id='word_1_154' title='bbox 718 2162 757 2238; x_wconf 90' lang='lat' dir='ltr'><strong>is,</strong></span> <span class='ocrx_word' id='word_1_155' title='bbox 780 2160 832 2243; x_wconf 91' lang='lat' dir='ltr'><strong>qui</strong></span> <span class='ocrx_word' id='word_1_156' title='bbox 851 2161 983 2224; x_wconf 90' lang='lat' dir='ltr'><strong>iudicare</strong></span> <span class='ocrx_word' id='word_1_157' title='bbox 999 2165 1120 2242; x_wconf 77' lang='lat' dir='ltr'><strong>poterit,</strong></span> 
     </span>
     <span class='ocr_line' id='line_1_22' title="bbox 200 2257 1120 2339; baseline 0.004 -20"><span class='ocrx_word' id='word_1_158' title='bbox 200 2267 327 2339; x_wconf 89' lang='lat' dir='ltr'><strong>quantae</strong></span> <span class='ocrx_word' id='word_1_159' title='bbox 351 2259 389 2321; x_wconf 92' lang='lat' dir='ltr'><strong>sit</strong></span> <span class='ocrx_word' id='word_1_160' title='bbox 406 2258 581 2339; x_wconf 87' lang='lat' dir='ltr'><strong>sapientiae,</strong></span> <span class='ocrx_word' id='word_1_161' title='bbox 601 2277 705 2321; x_wconf 86' lang='lat' dir='ltr'><strong>corum</strong></span> <span class='ocrx_word' id='word_1_162' title='bbox 722 2258 852 2320; x_wconf 89' lang='lat' dir='ltr'><strong>retinere</strong></span> <span class='ocrx_word' id='word_1_163' title='bbox 876 2276 964 2320; x_wconf 89' lang='lat' dir='ltr'><strong>usum</strong></span> <span class='ocrx_word' id='word_1_164' title='bbox 989 2257 1120 2324; x_wconf 88' lang='lat' dir='ltr'><strong>benevo-</strong></span> 
     </span>
     <span class='ocr_line' id='line_1_23' title="bbox 199 2355 1120 2437; baseline 0.004 -21"><span class='ocrx_word' id='word_1_165' title='bbox 199 2355 394 2437; x_wconf 89' lang='lat' dir='ltr'><strong>lentiamque,</strong></span> <span class='ocrx_word' id='word_1_166' title='bbox 420 2356 497 2417; x_wconf 89' lang='lat' dir='ltr'><strong>inter</strong></span> <span class='ocrx_word' id='word_1_167' title='bbox 515 2375 589 2437; x_wconf 93' lang='lat' dir='ltr'><strong>quos</strong></span> <span class='ocrx_word' id='word_1_168' title='bbox 607 2356 802 2418; x_wconf 86' lang='lat' dir='ltr'><strong>maximarum</strong></span> <span class='ocrx_word' id='word_1_169' title='bbox 827 2373 926 2416; x_wconf 86' lang='lat' dir='ltr'><strong>rerum</strong></span> <span class='ocrx_word' id='word_1_170' title='bbox 945 2374 1005 2418; x_wconf 89' lang='lat' dir='ltr'><strong>non</strong></span> <span class='ocrx_word' id='word_1_171' title='bbox 1024 2359 1120 2420; x_wconf 91' lang='lat' dir='ltr'><strong>solum</strong></span> 
     </span>
     <span class='ocr_line' id='line_1_24' title="bbox 200 2450 1120 2533; baseline 0.003 -19"><span class='ocrx_word' id='word_1_172' title='bbox 200 2452 360 2514; x_wconf 83' lang='lat' dir='ltr'><strong>aemulatio</strong></span> <span class='ocrx_word' id='word_1_173' title='bbox 375 2452 424 2512; x_wconf 91' lang='lat' dir='ltr'><strong>sed</strong></span> <span class='ocrx_word' id='word_1_174' title='bbox 443 2451 616 2513; x_wconf 89' lang='lat' dir='ltr'><strong>obtrectatio</strong></span> <span class='ocrx_word' id='word_1_175' title='bbox 637 2459 718 2513; x_wconf 85' lang='lat' dir='ltr'><strong>tante</strong></span> <span class='ocrx_word' id='word_1_176' title='bbox 736 2450 958 2532; x_wconf 87' lang='lat' dir='ltr'><strong>intercedebat,</strong></span> <span class='ocrx_word' id='word_1_177' title='bbox 979 2461 1120 2533; x_wconf 85' lang='lat' dir='ltr'><strong>quantam</strong></span> 
     </span>
     <span class='ocr_line' id='line_1_25' title="bbox 200 2547 1120 2630; baseline 0.004 -20"><span class='ocrx_word' id='word_1_178' title='bbox 200 2547 255 2610; x_wconf 91' lang='lat' dir='ltr'><strong>luit</strong></span> <span class='ocrx_word' id='word_1_179' title='bbox 268 2547 451 2609; x_wconf 87' lang='lat' dir='ltr'><strong>intercedere</strong></span> <span class='ocrx_word' id='word_1_180' title='bbox 462 2564 582 2609; x_wconf 88' lang='lat' dir='ltr'><strong>necesse</strong></span> <span class='ocrx_word' id='word_1_181' title='bbox 594 2547 835 2611; x_wconf 81' lang='lat' dir='ltr'><strong>interCaesarem</strong></span> <span class='ocrx_word' id='word_1_182' title='bbox 848 2549 1120 2630; x_wconf 82' lang='lat' dir='ltr'><strong>etqueAntonium,</strong></span> 
     </span>
     <span class='ocr_line' id='line_1_26' title="bbox 199 2643 1118 2726; baseline 0.003 -18"><span class='ocrx_word' id='word_1_183' title='bbox 199 2663 266 2707; x_wconf 89' lang='lat' dir='ltr'><strong>cum</strong></span> <span class='ocrx_word' id='word_1_184' title='bbox 289 2661 321 2705; x_wconf 89' lang='lat' dir='ltr'><strong>se</strong></span> <span class='ocrx_word' id='word_1_185' title='bbox 338 2652 464 2723; x_wconf 88' lang='lat' dir='ltr'><strong>uterque</strong></span> <span class='ocrx_word' id='word_1_186' title='bbox 481 2643 645 2725; x_wconf 89' lang='lat' dir='ltr'><strong>principem</strong></span> <span class='ocrx_word' id='word_1_187' title='bbox 665 2663 726 2705; x_wconf 90' lang='lat' dir='ltr'><strong>non</strong></span> <span class='ocrx_word' id='word_1_188' title='bbox 744 2644 839 2706; x_wconf 90' lang='lat' dir='ltr'><strong>solum</strong></span> <span class='ocrx_word' id='word_1_189' title='bbox 858 2645 941 2707; x_wconf 92' lang='lat' dir='ltr'><strong>urbis</strong></span> <span class='ocrx_word' id='word_1_190' title='bbox 963 2664 1118 2726; x_wconf 87' lang='lat' dir='ltr'><strong>romanae,</strong></span> 
     </span>
     <span class='ocr_line' id='line_1_27' title="bbox 199 2738 741 2820; baseline -0.002 -17"><span class='ocrx_word' id='word_1_191' title='bbox 199 2741 250 2803; x_wconf 89' lang='lat' dir='ltr'><strong>sed</strong></span> <span class='ocrx_word' id='word_1_192' title='bbox 270 2738 350 2802; x_wconf 92' lang='lat' dir='ltr'><strong>orbis</strong></span> <span class='ocrx_word' id='word_1_193' title='bbox 367 2748 512 2801; x_wconf 90' lang='lat' dir='ltr'><strong>terrarum</strong></span> <span class='ocrx_word' id='word_1_194' title='bbox 531 2759 595 2802; x_wconf 90' lang='lat' dir='ltr'><strong>esse</strong></span> <span class='ocrx_word' id='word_1_195' title='bbox 610 2749 741 2820; x_wconf 88' lang='lat' dir='ltr'><strong>cuperet.</strong></span> 
     </span>
    </p>

    <p class='ocr_par' dir='ltr' id='par_1_4' title="bbox 238 2833 1118 2918">
     <span class='ocr_line' id='line_1_28' title="bbox 238 2833 1118 2918; baseline 0.007 -21"><span class='ocrx_word' id='word_1_196' title='bbox 238 2833 313 2898; x_wconf 87' lang='lat' dir='ltr'><strong>XXI.</strong></span> <span class='ocrx_word' id='word_1_197' title='bbox 334 2834 398 2898; x_wconf 88' lang='lat' dir='ltr'><strong>&#39;lali</strong></span> <span class='ocrx_word' id='word_1_198' title='bbox 423 2836 510 2898; x_wconf 90' lang='lat' dir='ltr'><strong>modo</strong></span> <span class='ocrx_word' id='word_1_199' title='bbox 535 2854 602 2898; x_wconf 91' lang='lat' dir='ltr'><strong>curn</strong></span> <span class='ocrx_word' id='word_1_200' title='bbox 622 2845 735 2917; x_wconf 90' lang='lat' dir='ltr'><strong>septem</strong></span> <span class='ocrx_word' id='word_1_201' title='bbox 756 2846 786 2899; x_wconf 89' lang='lat' dir='ltr'><strong>et</strong></span> <span class='ocrx_word' id='word_1_202' title='bbox 811 2837 997 2918; x_wconf 85' lang='lat' dir='ltr'><strong>septuaginta</strong></span> <span class='ocrx_word' id='word_1_203' title='bbox 1024 2858 1118 2903; x_wconf 88' lang='lat' dir='ltr'><strong>annos</strong></span> 
     </span>
    </p>

    <p class='ocr_par' dir='ltr' id='par_1_5' title="bbox 229 2952 886 3037">
     <span class='ocr_line' id='line_1_29' title="bbox 229 2952 886 3037; baseline -0.005 -14"><span class='ocrx_word' id='word_1_204' title='bbox 229 2975 259 3037; x_wconf 76' lang='lat' dir='ltr'><strong>(ll</strong></span> <span class='ocrx_word' id='word_1_205' title='bbox 275 2978 321 3024; x_wconf 88' lang='lat' dir='ltr'><strong>lel</strong></span> <span class='ocrx_word' id='word_1_206' title='bbox 334 2977 427 3034; x_wconf 61' lang='lat' dir='ltr'><strong>marlot·</strong></span> <span class='ocrx_word' id='word_1_207' title='bbox 442 2976 565 3023; x_wconf 86' lang='lat' dir='ltr'><strong>accidisset</strong></span> <span class='ocrx_word' id='word_1_208' title='bbox 578 2989 654 3022; x_wconf 80' lang='lat' dir='ltr'><strong>causa.</strong></span> <span class='ocrx_word' id='word_1_209' title='bbox 882 2952 886 2957; x_wconf 31' lang='grc'><strong>”</strong></span> 
     </span>
    </p>

    <p class='ocr_par' dir='ltr' id='par_1_6' title="bbox 199 3043 1119 3173">
     <span class='ocr_line' id='line_1_30' title="bbox 229 3043 1119 3106; baseline 0.002 -15"><span class='ocrx_word' id='word_1_210' title='bbox 229 3046 261 3102; x_wconf 71' lang='lat' dir='ltr'><strong>tt)</strong></span> <span class='ocrx_word' id='word_1_211' title='bbox 276 3047 311 3091; x_wconf 86' lang='lat' dir='ltr'><strong>Sto</strong></span> <span class='ocrx_word' id='word_1_212' title='bbox 326 3058 340 3091; x_wconf 84' lang='lat' dir='ltr'><strong>a</strong></span> <span class='ocrx_word' id='word_1_213' title='bbox 355 3043 454 3091; x_wconf 83' lang='lat' dir='ltr'><strong>terendis</strong></span> <span class='ocrx_word' id='word_1_214' title='bbox 467 3047 547 3103; x_wconf 86' lang='lat' dir='ltr'><strong>spoliis</strong></span> <span class='ocrx_word' id='word_1_215' title='bbox 562 3044 685 3103; x_wconf 77' lang='lat' dir='ltr'><strong>appellatt3</strong></span> <span class='ocrx_word' id='word_1_216' title='bbox 701 3056 756 3090; x_wconf 88' lang='lat' dir='ltr'><strong>num</strong></span> <span class='ocrx_word' id='word_1_217' title='bbox 771 3046 793 3090; x_wconf 87' lang='lat' dir='ltr'><strong>in</strong></span> <span class='ocrx_word' id='word_1_218' title='bbox 818 3044 879 3089; x_wconf 83' lang='lat' dir='ltr'><strong>illius</strong></span> <span class='ocrx_word' id='word_1_219' title='bbox 905 3045 1017 3103; x_wconf 86' lang='lat' dir='ltr'><strong>templum</strong></span> <span class='ocrx_word' id='word_1_220' title='bbox 1038 3049 1119 3106; x_wconf 77' lang='lat' dir='ltr'><strong>opimo</strong></span> 
     </span>
     <span class='ocr_line' id='line_1_31' title="bbox 199 3111 1118 3173; baseline 0 -13"><span class='ocrx_word' id='word_1_221' title='bbox 199 3114 300 3160; x_wconf 81' lang='lat' dir='ltr'><strong>ltostlum</strong></span> <span class='ocrx_word' id='word_1_222' title='bbox 315 3114 389 3172; x_wconf 83' lang='lat' dir='ltr'><strong>spelta</strong></span> <span class='ocrx_word' id='word_1_223' title='bbox 400 3112 540 3173; x_wconf 81' lang='lat' dir='ltr'><strong>terebantur,</strong></span> <span class='ocrx_word' id='word_1_224' title='bbox 556 3113 678 3171; x_wconf 87' lang='lat' dir='ltr'><strong>postquam</strong></span> <span class='ocrx_word' id='word_1_225' title='bbox 691 3111 815 3171; x_wconf 80' lang='lat' dir='ltr'><strong>Romulus,</strong></span> <span class='ocrx_word' id='word_1_226' title='bbox 830 3115 919 3158; x_wconf 79' lang='lat' dir='ltr'><strong>Acrone</strong></span> <span class='ocrx_word' id='word_1_227' title='bbox 933 3123 988 3169; x_wconf 79' lang='lat' dir='ltr'><strong>rege</strong></span> <span class='ocrx_word' id='word_1_228' title='bbox 1002 3113 1118 3170; x_wconf 79' lang='lat' dir='ltr'><strong>singulari</strong></span> 
     </span>
    </p>
   </div>
   <div class='ocr_carea' id='block_1_3' title="bbox 198 3177 1119 3307">
    <p class='ocr_par' dir='ltr' id='par_1_7' title="bbox 198 3177 1119 3307">
     <span class='ocr_line' id='line_1_32' title="bbox 198 3177 940 3240; baseline -0.003 -14"><span class='ocrx_word' id='word_1_229' title='bbox 198 3182 322 3227; x_wconf 77' lang='lat' dir='ltr'><strong>certamine</strong></span> <span class='ocrx_word' id='word_1_230' title='bbox 336 3178 458 3226; x_wconf 76' lang='lat' dir='ltr'><strong>interiecto</strong></span> <span class='ocrx_word' id='word_1_231' title='bbox 472 3181 625 3240; x_wconf 78' lang='lat' dir='ltr'><strong>spoliatoque,</strong></span> <span class='ocrx_word' id='word_1_232' title='bbox 635 3180 728 3225; x_wconf 77' lang='lat' dir='ltr'><strong>exuvias</strong></span> <span class='ocrx_word' id='word_1_233' title='bbox 742 3177 790 3223; x_wconf 84' lang='lat' dir='ltr'><strong>lovl</strong></span> <span class='ocrx_word' id='word_1_234' title='bbox 805 3178 940 3224; x_wconf 73' lang='lat' dir='ltr'><strong>sacraverat</strong></span> 
     </span>
     <span class='ocr_line' id='line_1_33' title="bbox 228 3245 1119 3307; baseline 0.003 -15"><span class='ocrx_word' id='word_1_235' title='bbox 228 3247 259 3303; x_wconf 82' lang='grc'><strong>(5)</strong></span> <span class='ocrx_word' id='word_1_236' title='bbox 271 3248 308 3294; x_wconf 82' lang='lat' dir='ltr'><strong>sle</strong></span> <span class='ocrx_word' id='word_1_237' title='bbox 322 3247 397 3294; x_wconf 86' lang='lat' dir='ltr'><strong>iuerat</strong></span> <span class='ocrx_word' id='word_1_238' title='bbox 412 3248 563 3307; x_wconf 87' lang='lat' dir='ltr'><strong>appellatum,</strong></span> <span class='ocrx_word' id='word_1_239' title='bbox 578 3246 641 3304; x_wconf 92' lang='lat' dir='ltr'><strong>quod</strong></span> <span class='ocrx_word' id='word_1_240' title='bbox 657 3247 681 3290; x_wconf 87' lang='lat' dir='ltr'><strong>ln</strong></span> <span class='ocrx_word' id='word_1_241' title='bbox 697 3245 854 3291; x_wconf 85' lang='lat' dir='ltr'><strong>describendis</strong></span> <span class='ocrx_word' id='word_1_242' title='bbox 869 3245 946 3290; x_wconf 79' lang='lat' dir='ltr'><strong>aratro</strong></span> <span class='ocrx_word' id='word_1_243' title='bbox 965 3245 1050 3292; x_wconf 83' lang='lat' dir='ltr'><strong>tinibus</strong></span> <span class='ocrx_word' id='word_1_244' title='bbox 1062 3260 1119 3295; x_wconf 86' lang='lat' dir='ltr'><strong>eon·</strong></span> 
     </span>
    </p>
   </div>
   <div class='ocr_carea' id='block_1_4' title="bbox 197 3317 1120 3512">
    <p class='ocr_par' dir='ltr' id='par_1_8' title="bbox 197 3317 1120 3512">
     <span class='ocr_line' id='line_1_34' title="bbox 198 3317 1120 3379; baseline -0.002 -16"><span class='ocrx_word' id='word_1_245' title='bbox 198 3318 288 3365; x_wconf 81' lang='lat' dir='ltr'><strong>dandae</strong></span> <span class='ocrx_word' id='word_1_246' title='bbox 302 3319 368 3365; x_wconf 85' lang='lat' dir='ltr'><strong>urbis</strong></span> <span class='ocrx_word' id='word_1_247' title='bbox 383 3319 475 3379; x_wconf 86' lang='lat' dir='ltr'><strong>llomoe,</strong></span> <span class='ocrx_word' id='word_1_248' title='bbox 490 3323 560 3378; x_wconf 86' lang='lat' dir='ltr'><strong>eaput</strong></span> <span class='ocrx_word' id='word_1_249' title='bbox 575 3319 608 3365; x_wconf 90' lang='lat' dir='ltr'><strong>lbl</strong></span> <span class='ocrx_word' id='word_1_250' title='bbox 623 3319 684 3364; x_wconf 83' lang='lat' dir='ltr'><strong>tauri</strong></span> <span class='ocrx_word' id='word_1_251' title='bbox 705 3317 780 3364; x_wconf 83' lang='lat' dir='ltr'><strong>tuerat</strong></span> <span class='ocrx_word' id='word_1_252' title='bbox 793 3318 924 3379; x_wconf 84' lang='lat' dir='ltr'><strong>inventum,</strong></span> <span class='ocrx_word' id='word_1_253' title='bbox 938 3329 969 3367; x_wconf 72' lang='lat' dir='ltr'><strong>ox</strong></span> <span class='ocrx_word' id='word_1_254' title='bbox 990 3331 1039 3378; x_wconf 86' lang='lat' dir='ltr'><strong>que</strong></span> <span class='ocrx_word' id='word_1_255' title='bbox 1054 3322 1120 3368; x_wconf 58' lang='lat' dir='ltr'><strong>vata</strong></span> 
     </span>
     <span class='ocr_line' id='line_1_35' title="bbox 197 3385 695 3445; baseline -0.002 -15"><span class='ocrx_word' id='word_1_256' title='bbox 197 3386 332 3436; x_wconf 85' lang='lat' dir='ltr'><strong>cecinerant</strong></span> <span class='ocrx_word' id='word_1_257' title='bbox 343 3388 412 3445; x_wconf 81' lang='lat' dir='ltr'><strong>caput</strong></span> <span class='ocrx_word' id='word_1_258' title='bbox 426 3386 460 3433; x_wconf 89' lang='lat' dir='ltr'><strong>ibt</strong></span> <span class='ocrx_word' id='word_1_259' title='bbox 475 3387 546 3433; x_wconf 80' lang='lat' dir='ltr'><strong>totius</strong></span> <span class='ocrx_word' id='word_1_260' title='bbox 562 3386 624 3434; x_wconf 86' lang='lat' dir='ltr'><strong>orbis</strong></span> <span class='ocrx_word' id='word_1_261' title='bbox 638 3385 695 3432; x_wconf 86' lang='lat' dir='ltr'><strong>lore.</strong></span> 
     </span>
     <span class='ocr_line' id='line_1_36' title="bbox 227 3452 429 3512; baseline 0.015 -16"><span class='ocrx_word' id='word_1_262' title='bbox 227 3452 258 3510; x_wconf 75' lang='lat' dir='ltr'><strong>tl)</strong></span> <span class='ocrx_word' id='word_1_263' title='bbox 273 3452 304 3498; x_wconf 81' lang='lat' dir='ltr'><strong>En</strong></span> <span class='ocrx_word' id='word_1_264' title='bbox 321 3457 429 3512; x_wconf 74' lang='lat' dir='ltr'><strong>alepppto.</strong></span> 
     </span>
    </p>
   </div>
   <div class='ocr_carea' id='block_1_5' title="bbox 0 0 1230 3938">
    <p class='ocr_par' dir='ltr' id='par_1_9' title="bbox 0 0 1230 3938">
     <span class='ocr_line' id='line_1_37' title="bbox 0 0 1230 3938; baseline 0 5"><span class='ocrx_word' id='word_1_265' title='bbox 0 0 1230 3938; x_wconf 95' lang='lat' dir='ltr'><strong> </strong></span> 
     </span>
    </p>
   </div>
  </div>
 </body>
</html>
