2452 3938
512 279 664 323 ursannna
1007 264 1047 326 li

100 370 283 442 ,affirmanti
298 369 444 433 creditum
463 379 519 448 est,
539 380 568 432 et
586 369 760 451 prodierunt
778 389 814 433 ex
832 370 968 449 latebris,
981 375 1045 453 qui,

123 466 350 532 Atheniensium
368 467 479 546 studio,
502 470 636 546 graviora
654 469 864 532 extimuerant.
883 466 964 538 Quos
982 470 1043 546 ille,

125 577 189 648 post
204 585 316 650 paucos
333 565 410 644 dies,
426 565 501 627 nihil
516 565 644 646 amplius
666 566 863 647 suspicantes,
883 569 1047 651 salutisque

126 664 242 746 penitus
259 681 390 741 securos,
408 663 529 724 adortus
550 679 654 724 omnes
672 662 835 744 interfecit)
854 664 913 745 (l).

160 761 213 826 ΠΙ.
232 760 465 824 Decemviralem
483 777 568 822 suam
595 768 770 840 potestatem
795 761 843 823 sui
865 761 913 843 (h)
930 761 967 823 ab
993 761 1045 822 illo

122 854 312 924 'constitutam
327 857 522 919 sustulerunt.
537 853 603 928 Quo
618 856 720 919 dolore
732 857 884 933 incensus,
895 858 963 920 iniit
974 876 1045 920 con·

123 956 203 1035 silia,
217 973 302 1035 reges
312 952 619 1016 Lacedaemoniorum
636 953 753 1032 tollere;
773 953 826 1017 sed
843 955 1001 1032 sentiebat,
1015 956 1044 1015 id

123 1073 152 1117 se
173 1054 240 1116 siue
255 1071 311 1133 ope
328 1051 450 1113 deorum
472 1050 572 1113 iecere
589 1070 649 1113 non
667 1070 767 1132 posse,
793 1050 875 1132 quod
893 1050 1043 1115 Lacedae-

122 1151 215 1215 monii
232 1148 334 1212 omnia
351 1149 388 1211 ad
403 1149 523 1210 oracula
535 1148 649 1211 referre
666 1156 892 1210 consueverant.
909 1147 1042 1212 Primum

122 1249 221 1332 itaque
238 1246 368 1329 Delphos
389 1264 581 1327 corrumpere
604 1253 650 1308 est
672 1244 904 1308 conataeuum
930 1246 961 1307 id
982 1268 1043 1311 nou

122 1346 278 1428 potuisset,
293 1344 446 1408 Dodonam
465 1343 513 1425 (3)
531 1344 652 1407 adortus
670 1350 726 1405 est.
749 1341 825 1404 Hinc
847 1361 968 1425 quoque
993 1363 1043 1406 re-

122 1445 225 1526 pulsus
243 1442 318 1505 dixit
335 1461 366 1505 se
385 1451 451 1505 uota
469 1442 648 1525 suscepisse,
669 1459 745 1522 quae
763 1439 825 1502 lovi
841 1439 981 1503 Ammoni
996 1441 1043 1523 (i)

122 1542 260 1618 solueret,
279 1538 449 1602 existimaus
468 1558 502 1601 se
514 1539 600 1601 hiros
614 1539 732 1601 facilius
750 1549 957 1620 corruptorum
983 1537 1044 1602 llac

123 1656 259 1722 specum
278 1636 428 1717 proiectus
444 1647 522 1699 esset
539 1636 570 1699 in
589 1635 731 1713 dlricam,
751 1638 877 1701 multum
893 1657 951 1699 erro
988 1655 1043 1699 an-

123 1737 229 1799 tistites
247 1733 324 1796 louis
337 1733 516 1802 fefellerunt.
535 1733 678 1797 Namnon
693 1735 789 1796 solunt
811 1745 962 1819 corrumpi
983 1726 1044 1800 non

123 1841 304 1916 potuerunt,
329 1831 380 1895 sod
399 1832 488 1894 etiarn
506 1833 619 1911 legatos
638 1830 862 1895 Lacedaemona
880 1833 1042 1912 irriserunt,

123 1949 173 2012 qm
163 1929 370 2012 Lysandrum
389 1938 579 2006 accusarent,
607 1930 687 2011 quod
704 1929 873 1992 sacerdotes
894 1930 956 1992 lani
973 1948 1042 1991 cor-

122 2045 259 2110 rumpere
286 2035 410 2090 oonatus
437 2034 525 2090 esset.
545 2025 707 2089 Accusatus
728 2027 783 2089 hoc
801 2027 942 2105 crimine,
960 2026 1039 2088 iudi-

124 2142 251 2207 tumque
270 2123 425 2188 absolutus
452 2125 626 2202 sententiis,
644 2122 850 2187 Orchomeniis
869 2125 917 2205 (5)
935 2124 1042 2185 missus

123 2221 268 2300 subsidio,
289 2224 406 2286 occisus
429 2231 508 2286 esta
531 2221 681 2285 Thebanis
698 2223 776 2304 apud
797 2221 960 2285 Haliartum
981 2221 1040 2303 (h).

125 2316 218 2392 Quam
235 2338 303 2383 rere
320 2319 357 2383 de
375 2338 413 2382 eo
431 2320 509 2383 foret
524 2320 705 2399 iudicatum,
737 2320 829 2383 oratio
847 2319 958 2384 indicio
975 2318 1042 2396 luit,

125 2433 199 2497 qnae
217 2424 291 2498 post
312 2424 437 2479 mortem
465 2416 497 2478 in
515 2417 603 2479 domo
627 2418 692 2480 eius
713 2426 831 2500 reperta
851 2424 909 2494 est,
923 2415 959 2478 in
985 2435 1072 2513 quaa
1080 2457 1122 2511 39,

124 2515 226 2578 suadet
242 2511 505 2593 Lacedaemoniis,
525 2523 579 2592 ut,
607 2516 689 2595 regia
712 2524 856 2599 potestate
879 2517 1040 2594 dissoluta,

125 2629 157 2675 ex
186 2610 326 2675 omnibns
344 2612 403 2675 dux
428 2612 575 2692 deligatur
597 2614 634 2677 ad
658 2615 769 2679 bellum
786 2615 967 2696 gerendum3
987 2616 1040 2678 sed

1050 2077 1125 2122 alit}

150 2876 182 2938 (i)
196 2879 264 2939 ilaec,
280 2879 349 2925 uncis
364 2879 462 2940 inclusa,
478 2891 492 2925 a
508 2880 638 2939 Polyaeno(
650 2882 769 2938 sirategnr.
782 2883 800 2941 l,
812 2882 887 2941 i3,il
901 2884 1047 2943 deprompta

125 2941 229 2993 lacunam
244 2948 346 3007 explent,
360 2960 408 3005 qua
421 2947 462 2993 hic
477 2949 576 2996 cornelii
590 2952 665 3008 locus,
681 2962 696 2994 a
710 2951 783 2997 verbo
799 2955 883 3010 itaque,
900 2952 954 2997 hiat.

153 3013 184 3072 (2)
201 3016 242 3062 Sul
253 3017 326 3076 cives,
340 3016 524 3063 Lacedaemonii.

152 3080 182 3137 (ὅ)
198 3082 384 3129 vetustissimum
407 3084 572 3146 oraculorum,
596 3096 611 3129 a
625 3084 725 3140 Pelasgis
745 3087 768 3129 in
791 3085 862 3144 Epiro
876 3088 1045 3141 constitutum

127 3149 189 3195 euius
203 3152 281 3197 tamen
294 3149 357 3197 famo
371 3152 532 3211 aliquantum,
543 3152 858 3214 helphisinclarescentihus,
874 3155 1013 3205 exoleverat.

153 3215 182 3272 til
198 3216 253 3274 Regi
265 3217 382 3263 bominum
395 3220 545 3278 heorumque
560 3220 621 3280 apud
644 3221 773 3279 legiptioe
789 3221 840 3268 elus
856 3225 966 3282 tempium
981 3226 1004 3268 in
1022 3236 1048 3270 a.

129 3285 269 3330 uoenlseima
283 3285 369 3344 Libyae
388 3289 482 3345 regione
497 3289 554 3347 erat,
569 3299 628 3345 quae
644 3289 736 3345 irriguis
757 3289 861 3336 lontibus
875 3295 898 3338 ei
917 3294 998 3351 palmis
1014 3296 1045 3340 ah

128 3351 229 3397 universo
239 3352 321 3397 lorridl
332 3352 420 3399 deserti
434 3356 511 3414 specie
522 3354 713 3414 distingueretur.
792 3392 794 3399 ,

155 3417 184 3474 (ὅ)
199 3418 372 3480 Orchomenus,
385 3420 494 3467 Boeotiae
510 3421 575 3481 urbs,
589 3423 676 3470 bellum
690 3426 773 3470 contra
787 3425 913 3473 Thebanos
927 3429 1030 3484 gerebat.

155 3485 184 3544 (6)
200 3486 251 3532 Fuit
266 3487 325 3534 hacc
340 3500 437 3548 qnoque
452 3489 559 3538 Boeotiae
575 3493 639 3553 urbs,
655 3493 684 3538 od
700 3495 785 3554 copoin
801 3495 886 3541 iocum.
