2452 3938
194 281 253 342 148
584 296 733 342 manicata

192 387 498 466 Carthaginiensium,
518 386 711 468 eiusdemque
726 396 793 469 post
808 396 951 463 mortem,
970 386 1119 451 Hannibal

192 485 231 548 ab
251 485 381 547 exercitu
393 482 507 563 accepit
524 482 697 564 imperium.

141 600 143 604 “
233 579 283 643 lv.
303 580 340 642 m
355 578 520 654 Hamilcar,
542 588 734 660 posteaquam
753 597 837 642 mare
866 579 982 642 transiit
998 580 1031 642 in
1048 579 1121 644 His-

174 676 372 757 ¹pariamque
390 675 486 752 venit,
507 694 629 752 magnas
653 694 700 737 res
723 677 853 739 secunda
871 678 961 756 gessit
980 678 1119 756 iortuna;

191 773 335 834 maximas
354 770 655 852 bellicosissimasque
670 782 773 851 gentes
790 774 924 853 subegit;
950 774 1046 855 equis,
1068 794 1121 837 ar-

191 867 260 943 mis,
280 867 372 943 viris,
392 868 539 948 pecunia,
565 877 656 929 totam
686 868 876 950 locupletavit
896 870 1039 932 Africam.
1064 870 1121 934 Hic

191 982 259 1024 curn
274 959 430 1026 initaliam
449 964 559 1027 bellurn
578 965 688 1027 inferre
711 966 915 1043 meditaretur,
936 986 1015 1029 nono
1039 987 1119 1030 anno

149 1088 151 1093 v
190 1067 346 1140 postquam
367 1061 396 1122 in
422 1050 596 1142 Hispaniam
619 1070 757 1139 venerat,
787 1052 956 1144 in'proelio
981 1082 1119 1144 pugnans

190 1156 330 1218 adversus
354 1155 494 1220 Vettones
513 1159 580 1240 (l),
602 1161 716 1223 occisus
741 1168 796 1222 est.
816 1159 911 1223 Huius
940 1169 1118 1241 perpetuum

112 1252 292 1337 ,modium
309 1273 379 1333 erga
393 1253 542 1319 Romanos
559 1243 685 1320 maxime
701 1257 864 1319 concitasse
878 1255 996 1318 ridetur
1009 1274 1119 1319 secuu-

169 1348 260 1414 dum
276 1349 388 1412 bellurn
416 1353 569 1432 punicum.
589 1353 723 1435 Namque
745 1353 912 1430 Hannibal,
939 1352 1115 1431 filiuseius,

189 1447 317 1509 assiduis
336 1449 428 1527 patris
444 1449 691 1512 obtestationibus
710 1469 744 1512 eo
764 1459 809 1512 est
825 1451 995 1531 perductus,
1018 1458 1051 1513 ut
1064 1451 1116 1514 iu·

189 1543 290 1613 terire.
311 1563 399 1623 quam
422 1544 572 1608 Romanos
592 1566 651 1609 non
670 1545 798 1628 experiri
817 1549 928 1610 mallet.

597 1871 707 1938 XXllI.

427 2066 826 2169 ‘nunninae

232 2397 256 2458 1.
276 2394 435 2471 Hannibal,
451 2393 625 2455 Hamilcaris
639 2394 730 2470 filius,
751 2390 1006 2470 carthaginiensis.
1020 2391 1050 2456 Si
1068 2414 1118 2458 ve-

189 2512 255 2554 rum
271 2501 328 2568 est,
345 2491 424 2572 quod
442 2508 530 2551 nemo
545 2488 672 2566 dubitat,
692 2498 725 2550 ut
743 2489 870 2569 populus
885 2506 1027 2551 romanus
1047 2510 1116 2553 om·

189 2609 243 2652 nes
267 2597 369 2668 gentes
393 2587 499 2648 virtute
524 2586 670 2667 superarit
683 2585 743 2665 (2),
760 2604 820 2647 non
841 2593 886 2648 est
908 2585 1114 2666 inficiandum,

189 2685 386 2751 Hannibalem
405 2692 487 2746 tanto
501 2682 684 2765 praestitisse
696 2697 809 2745 ceteros
825 2682 1021 2764 imperatores
1039 2703 1116 2764 pru-

188 2786 301 2861 dantia,
321 2790 432 2873 quanto
454 2782 582 2863 populus
598 2780 921 2843 romanussantecedat
938 2779 1115 2845 fortitudine

189 2891 310 2946 cunctas
328 2880 475 2942 nationes.
487 2878 561 2941 Nam
573 2877 818 2959 quotiescumque
838 2895 905 2938 cum
923 2895 958 2938 eo
977 2895 1116 2954 congres-

188 2997 239 3040 sus
257 2986 302 3040 est
319 2977 350 3039 in
368 2976 471 3053 ltalia,
491 2994 609 3057 semper
634 2972 768 3036 discessit
786 2973 924 3055 superior
941 2973 1000 3054 (3).
1027 2970 1114 3044 Quod

219 3173 251 3230 (l)
267 3173 385 3233 Populum
404 3175 445 3231 qui
460 3185 510 3218 eam
526 3172 658 3218 Lusitaniae
684 3169 863 3228 (Portoqollo)
886 3167 975 3225 partem
998 3163 1115 3210 incoleret

189 3251 249 3298 quac
265 3241 377 3286 orientem
392 3240 465 3286 solem
481 3241 505 3286 et
520 3240 661 3299 prouinciam
677 3238 871 3283 Tarraconensem
886 3233 975 3293 spectat
990 3232 1049 3276 luter
1066 3231 1114 3275 Du·

187 3309 249 3353 rium
263 3308 351 3353 flumen
365 3309 465 3366 (Doara
473 3309 490 3362 l
504 3310 527 3354 ot
539 3310 610 3353 Anam
621 3305 781 3365 (Gaudiano)
796 3307 866 3362 atque
884 3298 1055 3348 recentioribus
1070 3309 1113 3357 ap·
1122 3334 1127 3368 ·.

186 3375 289 3436 pellatur
303 3376 481 3421 Estremudoro.

215 3443 246 3498 (2t
263 3444 380 3490 Usttattus=
397 3447 418 3488 at
432 3458 513 3489 oerum
525 3449 589 3490 ret...
602 3443 714 3502 populum
729 3453 883 3488 romanoram.
895 3446 1018 3497 superum.

217 3507 248 3568 (ὅ)
265 3509 329 3569 Apud
345 3510 425 3556 Nolam
442 3511 519 3558 tomen
534 3523 548 3557 a
562 3508 670 3557 Marcello
682 3509 717 3557 est
731 3508 862 3567 superatus.
