2452 3938
522 251 672 296 nnnrncsn
998 235 1056 296 ldl

135 350 230 431 ipsam
258 345 462 422 Carthaginem
489 353 706 426 oppugnarunt.
732 341 845 415 Quibus
872 343 956 405 malis
983 344 1057 404 adeo

135 454 204 508 sunt
222 443 318 535 Poeni
332 442 498 523 perterriti,
519 451 551 502 ut
569 441 679 503 auxilia
696 441 784 503 etiam
805 461 823 502 a
843 439 985 502 Romanis
1003 457 1058 518 pe-

59 579 66 597 .
136 542 272 617 riserint,
293 558 387 620 eaque
403 538 602 619 impetrarint.
630 536 686 600 Sed
705 546 856 614 extremo,
881 555 948 599 cum
967 553 1059 615 prope

133 639 194 702 iam
213 639 249 700 ad
269 636 505 718 desperationem
518 635 730 717 pervenissent,
749 633 947 696 Hamilcarem
965 631 1059 711 impe·

133 745 262 799 ratonem
279 735 423 797 lecerunt.
444 731 472 795 Is
491 751 551 794 nou
566 733 662 794 solum
677 732 777 794 hostes
796 751 813 793 a
832 730 924 792 muris
937 726 1058 790 Cartha·

133 833 211 913 ginis
228 831 365 907 removit,
387 848 453 892 cnm
473 829 600 910 amplius
617 837 736 890 centum
755 828 848 888 millia
863 826 940 888 lacta
959 832 1057 887 essent

136 938 315 992 armatorum
336 927 394 1008 (l):
415 926 467 988 sed
481 927 569 987 etiam
584 943 619 988 eo
634 924 789 1007 compulit,
804 933 837 985 ut
855 925 987 987 locorum
1001 939 1056 982 an·
1066 951 1134 999 „24¹

133 1026 238 1106 gustiis
252 1026 356 1100 clausi,
376 1025 475 1105 plures
494 1024 572 1085 lame
590 1041 682 1104 quam
701 1022 778 1084 lerro
802 1020 968 1082 interirent.
989 1015 1058 1081 Orn-

134 1124 184 1186 nia
192 1123 300 1204 oppida
309 1121 489 1195 abalienata,
503 1121 533 1181 in
547 1120 593 1181 his
602 1118 716 1185 Uticam
725 1117 985 1199 atqneHipponem
996 1115 1055 1197 (Ξ),

134 1220 336 1283 valentissima
354 1218 443 1280 totius
456 1217 585 1294 Africae,
607 1216 735 1278 restitnit
753 1215 880 1296 patriae.
904 1213 1005 1294 Neque
1021 1232 1056 1275 eo

134 1315 189 1379 luit
206 1323 375 1392 contentus;
391 1314 543 1376 sedetiam
560 1314 634 1375 lines
649 1313 767 1393 imperii
786 1310 968 1393 propagavit.
983 1309 1056 1371 Tota

134 1412 232 1474 Alrica
249 1420 363 1474 tantum
382 1410 475 1472 otium
494 1408 641 1487 reddidit,
662 1418 695 1472 nt
712 1410 825 1472 nullum
846 1410 877 1470 in
896 1406 1057 1469 cabellum

134 1507 284 1571 videretur
301 1507 403 1570 multis
417 1507 503 1569 annis
522 1507 625 1568 luisse.

174 1604 225 1666 Ill.
245 1603 346 1666 Rebus
366 1604 411 1665 bis
435 1621 471 1666 ex
493 1604 640 1664 sententia
658 1602 806 1683 peractis,
831 1600 932 1663 lidenti
957 1600 1057 1662 animo

135 1709 223 1783 atque
234 1701 341 1762 infesto
353 1699 506 1775 Romanis,
522 1719 580 1779 qno
593 1700 709 1761 lucilius
722 1717 841 1760 causam
858 1697 988 1760 bellandi
1007 1715 1058 1760 re·

135 1798 255 1879 periret,
272 1799 369 1860 edecit
387 1806 420 1859 nt
434 1798 598 1878 imperator
612 1815 678 1859 cum
694 1796 822 1858 exercitu
837 1797 867 1857 in
884 1795 1057 1877 Hispaniam

136 1895 303 1957 mitteretur
322 1895 381 1975 (3);
402 1913 496 1975 eoque
517 1913 617 1956 secum
643 1893 725 1955 duxit
749 1892 842 1953 filium
861 1891 1056 1953 Hannibalem
1065 1922 1136 1970 ,233

32 2037 37 2043 .
135 2009 280 2054 annorum
298 2009 415 2053 novem.
437 1990 507 2052 Erat
526 1999 679 2071 praeterea
697 2007 763 2052 cum
780 2008 814 2052 eo
837 1988 1009 2053 adolescens
1024 1988 1059 2049 il-

136 2088 236 2150 lustris
255 2099 284 2150 et
301 2088 460 2164 formosus,
485 2087 673 2149 Hasdrubal:
694 2105 783 2167 quem
810 2085 946 2149 nonnulli
977 2085 1060 2165 diligi

135 2185 262 2266 turpinS,
282 2204 370 2266 qnam
384 2192 523 2265 parerat,
540 2184 577 2245 ab
589 2184 756 2246 Hamilcare
771 2183 980 2265 loquebantur:
995 2201 1056 2244 non

136 2283 213 2346 enim
239 2282 377 2345 maledici
394 2289 475 2343 tanto
494 2281 555 2342 viro
574 2281 676 2345 deesse
696 2289 842 2362 poterant.
862 2278 926 2352 Quo
945 2281 1055 2342 lactum

93 2447 96 2452 ,
134 2389 196 2457 est,
209 2386 244 2442 ut
261 2379 442 2460 apraelecto
462 2396 577 2440 morum
591 2378 638 2458 (4)
647 2377 812 2440 Hasdrubal
831 2397 898 2441 cum
918 2397 954 2441 eo
973 2386 1058 2440 rata·

134 2486 216 2540 retur
231 2495 307 2538 esse.
326 2476 402 2538 Huic
420 2475 471 2538 ille
488 2475 578 2537 liliam
599 2495 682 2537 suam
702 2476 733 2537 in
758 2476 981 2538 matrimonium
1002 2477 1058 2542 de·

135 2573 189 2651 dit,
208 2573 287 2654 quod
305 2573 439 2636 moribus
457 2591 559 2635 eorum
578 2573 717 2638 interdici
736 2594 795 2638 nou
818 2585 933 2657 poterat
954 2595 1056 2640 socero

134 2688 235 2749 gener.
256 2669 299 2732 De
316 2669 372 2731 boc
390 2670 457 2732 ideo
477 2670 657 2733 mentionem
676 2672 812 2749 lecimus,
832 2675 922 2755 quod,
946 2673 1058 2736 Hamil·

135 2784 202 2828 care
215 2767 326 2842 occiso,
345 2766 396 2828 ille
414 2767 556 2831 exercitui
571 2768 710 2849 praefuit,
729 2789 836 2851 resque
852 2788 973 2848 magnas
987 2786 1056 2847 ges-

136 2861 193 2940 sit,
208 2870 238 2925 et
257 2863 394 2944 princeps
413 2863 460 2944 (5)
484 2864 639 2943 largitione
658 2875 787 2929 vetustos
806 2866 945 2948 pervertit
960 2883 1057 2927 mores

135 3050 196 3166 nebi)
212 3053 402 3100 coalescentibus
422 3055 527 3112 quotldie
541 3057 576 3116 ils,
593 3057 636 3114 qul
650 3069 664 3103 a
676 3056 934 3135 Carthaginlsimperio
946 3057 1058 3104 descisce-

166 3186 197 3245 (²)
211 3185 300 3234 llrlcaa
315 3187 387 3236 nrbes
401 3189 426 3234 in
444 3201 486 3235 ors
506 3190 668 3271 ltlcditappppel
685 3193 770 3242 maris.
792 3191 855 3238 baud
878 3192 962 3252 procul
977 3205 990 3238 a
1005 3195 1058 3240 car·

52 3306 55 3313 ,
85 3293 90 3301 .
136 3250 237 3311 stagilla.
573 3267 590 3297 x
620 3268 639 3315 p

168 3321 198 3379 td)
212 3321 263 3368 Non
279 3321 370 3383 desunt,
386 3325 428 3381 qui
440 3323 537 3371 arbltrlo
552 3297 635 3375 sucin
648 3326 781 3386 Hispaniam
795 3328 904 3374 tramisso
918 3329 1007 3388 putent.

164 3387 197 3446 (l)
209 3387 262 3435 Fuit
274 3391 497 3449 carthaginiensium
508 3396 660 3453 magistratus,
673 3399 700 3442 ut
711 3408 794 3443 censor
805 3397 867 3457 apud
880 3399 993 3444 Romanos

12 3460 17 3469 ’
57 3476 66 3505 ·.
86 3504 91 3511 ,
166 3451 200 3514 (Β)
214 3455 303 3504 Primus
318 3457 532 3517 lurgisndlnnorem
548 3465 639 3509 invenit.

58 3512 102 3585 nc·
