2452 3938
264 373 572 467 HENRlGUS
622 372 886 468 ortt-ltus

366 619 611 686 acamissmo
636 621 793 688 tncrom

541 851 568 904 S.
586 851 620 904 D.

173 1315 406 1417 Historiam,
437 1330 613 1396 veterum
644 1313 874 1417 praesertim
921 1345 1046 1420 popu·

124 1431 268 1533 lorum,
295 1428 551 1530 elonginquc
572 1427 843 1530 salutantibus,
864 1428 908 1508 fit
928 1429 1046 1511 inter·

125 1545 234 1647 dum,
259 1562 322 1646 ut,
348 1543 532 1646 depressa
560 1559 693 1623 cetera
719 1541 967 1626 multitudine
1005 1561 1046 1626 et

125 1656 314 1759 caligine,
339 1684 464 1760 paene
491 1654 680 1758 dixerim,
703 1653 905 1759 obvoluta,
932 1657 1046 1760 pauci

125 1769 393 1851 tantummodo
426 1769 505 1851 sire
539 1768 677 1873 opibus
711 1768 789 1851 sire
828 1769 971 1854 virtute
1006 1789 1048 1854 et

126 1884 254 1966 animo
288 1884 366 1966 sire
406 1882 597 1988 sapientia
633 1882 930 1980 praeclarissimi
975 1884 1049 1967 riri

127 1997 338 2102 augustiori
371 2015 412 2080 et
438 2016 595 2102 praeter
627 1996 835 2077 humanam
876 1997 1048 2101 speciem

128 2112 265 2193 habitu
281 2128 449 2194 exstent.
472 2109 552 2191 lllis
569 2110 673 2192 enim
692 2110 931 2214 potissimum
947 2129 1050 2192 aeta·

129 2225 249 2328 tibus,
276 2223 468 2329 sapientia
493 2241 534 2305 et
562 2224 712 2328 omnia,
733 2224 875 2327 quibus
909 2224 1049 2306 huma-

129 2338 229 2420 nitas
255 2339 421 2419 maxime
443 2358 624 2422 constare
646 2338 726 2421 risa
751 2357 831 2442 est,
852 2368 931 2420 ncn
951 2340 1050 2422 adeo

131 2452 388 2556 aequabiliter
405 2481 585 2556 serpere,
605 2483 724 2557 seque
743 2481 814 2557 per
835 2483 970 2536 omnes
984 2484 1053 2559 pc·

131 2567 309 2670 pulcrum
334 2583 441 2648 artus
461 2585 502 2650 et
521 2597 640 2650 renas
665 2586 873 2672 penetrare
894 2597 1054 2652 consue·

133 2699 295 2783 rerunt3
322 2680 391 2763 sed
416 2681 540 2764 utris
566 2701 626 2765 est
657 2682 902 2764 subterranei
932 2682 1052 2786 ignis,

132 2824 209 2897 qua
235 2823 315 2875 non
338 2795 461 2876 omnis
487 2795 633 2898 ubique
650 2813 756 2877 terra
779 2794 964 2898 dehiscit,
985 2794 1054 2877 sed

134 2906 284 2988 vulcani
298 2907 439 3011 passim
456 2907 627 3010 aluntur,
644 2905 699 2987 ita
716 2907 930 3009 singulares
943 2937 1055 3011 quos·

134 3019 224 3101 dam
246 3022 430 3104 mortales
447 3050 542 3126 prae
564 3020 706 3104 ceteris
726 3020 825 3101 mira
849 3021 1056 3125 indulgen-

137 3132 191 3214 tia
227 3134 379 3235 forent,
405 3165 549 3239 eosque
588 3137 809 3240 praeclaros
846 3136 888 3218 in
921 3135 1055 3240 primis

136 3248 322 3353 imperio,
347 3249 518 3350 legibus,
538 3250 675 3355 armis,
693 3249 864 3358 placitis,
884 3252 1056 3335 carmine
1120 3306 1121 3309 κ

138 3382 352 3470 praestant.
