2452 3938
454 292 458 298 .
530 252 664 300 nuusucs
987 228 1060 302 ilua

116 345 242 411 nuncio
260 345 438 427 dilapsuras.
457 343 560 427 ltaque
579 347 637 408 lroc
650 346 716 409 eius
726 343 782 409 luit
794 344 1059 429 prudentissimum

114 443 302 522 consilium,
325 451 360 505 ut
377 442 470 506 deviis
488 443 647 506 itineribus
663 443 776 507 milites
791 444 924 521 ducaret,
943 443 976 508 in
993 443 1060 526 qui-

115 541 187 605 bus
204 558 276 604 aare
298 539 402 604 audire
426 558 487 602 oon
510 548 651 620 possent,
671 549 701 603 et
723 539 769 603 his
802 539 994 622 persuaderet
1025 561 1059 605 aa

113 645 233 701 conum
250 637 395 718 quosdam
409 636 552 701 barbaros
573 637 734 718 proticisci.
758 637 863 719 ltaque
881 637 977 701 tenuit
1002 637 1058 699 hoe

117 733 337 818 propositum,
357 742 386 796 ct
404 734 488 816 prius
506 733 537 795 in
553 718 652 810 aciem
667 735 829 797 exercitum
838 734 955 811 eduxit,
967 750 1059 816 proe-

112 820 557 913 liumque÷commisit,quam
576 829 688 892 milites
705 831 754 894 sui
769 831 883 894 seirent
900 845 968 894 oum
985 831 1058 912 qui·

114 928 184 994 *bus
202 947 288 991 neme
304 927 486 991 conferrent.
500 927 606 991 Effecit
623 927 712 990 etiam
723 928 810 1005 illud,
823 929 958 991 locorum
972 945 1059 1010 prae·

120 1026 349 1109 occupatione,
369 1034 403 1087 ut
426 1025 562 1106 equitatu
590 1024 689 1106 potius
715 1024 889 1103 dimicaret,
908 1043 968 1108 quo
988 1024 1058 1107 plus

120 1112 263 1199 valebat,
284 1140 373 1203 qnam
392 1123 539 1204 peditatu,
559 1141 618 1204 quo
635 1131 698 1184 erat
717 1122 857 1184 deterior.

165 1217 219 1283 tv.
242 1216 377 1291 Quomm
395 1218 544 1282 acerrimo
563 1236 715 1282 concursu·
729 1236 796 1281 oum
822 1236 959 1297 magnam
985 1238 1131 1301 par-„52¹

124 1325 193 1381 taut
208 1316 270 1380 diei
287 1324 367 1378 essct
381 1324 556 1397 pugnatum,
574 1316 655 1378 cadit
678 1315 815 1380 Cratems
837 1315 907 1392 dux,
927 1324 957 1379 et
977 1315 1057 1378 Neo·

126 1413 292 1493 ptolsmus,
310 1412 363 1493 qui
381 1413 545 1475 secundum
572 1413 670 1476 locum
690 1413 810 1494 imperii
832 1413 963 1475 tenebat.
978 1411 1056 1477 Cum

128 1508 189 1573 lroc
204 1510 357 1572 concurrit
365 1508 431 1590 ipse
440 1506 605 1572 Eumenes.
622 1508 759 1583 Quicum
775 1510 854 1572 iuter
866 1527 900 1572 ss
912 1509 1058 1591 complexi

127 1603 286 1671 interram
304 1624 341 1668 ex
359 1606 444 1687 equis
459 1607 651 1684 decidissent,
667 1616 701 1669 ut
716 1607 804 1670 facile
820 1606 949 1687 intelligi
958 1615 1059 1688 posset

129 1703 253 1766 inimica
281 1712 382 1766 mente
412 1703 624 1780 contendisse,
644 1704 814 1785 unioneque
843 1703 939 1783 magis
967 1705 1057 1766 etiam

129 1817 277 1881 pnquuosse
294 1818 384 1881 quam
404 1811 546 1881 corpore,
564 1800 869 1880 non-priasdistracti
885 1807 955 1862 snut
967 1816 1057 1882 qnam

131 1897 257 1959 mum
269 1896 375 1959 anima
391 1896 560 1977 reliquerit.
578 1895 624 1959 Ab
637 1896 693 1958 hoc
707 1897 822 1977 aliquot
838 1895 932 1977 plagis
944 1895 1058 1959 Eume·

131 2011 184 2077 uus
200 1993 394 2056 vulneratur:
414 2003 513 2074 neque
529 2012 566 2056 eo
584 1993 678 2072 magis
701 2012 737 2056 ex
753 1993 878 2075 proelio
908 1993 1056 2070 excessit,

131 2089 299 2153 audaculus
317 2090 418 2154 hostes
435 2091 553 2154 institit.
568 2090 696 2172 Hic.(l),
715 2090 866 2171 equitibus
880 2089 1057 2172 profligatis,
1156 2146 1159 2152 .

131 2186 287 2251 interiecto
304 2187 382 2250 duce
399 2186 542 2265 Cratero,
562 2188 663 2250 multis
689 2195 906 2270 praeterea-'et
929 2187 1060 2250 maxime

132 2283 286 2347 nobilibus
303 2286 411 2367 raptis,
434 2285 581 2367 pedestris
598 2286 763 2363 exercitus,
786 2285 866 2367 quud
883 2285 915 2349 iu
932 2303 974 2350 eu
995 2286 1060 2348 loca

133 2389 198 2444 arat
211 2380 380 2460 deductus,
399 2391 432 2445 ut
441 2383 538 2445 inuito
557 2383 692 2447 Eumene
710 2383 788 2446 eladi
804 2401 867 2446 nou
883 2391 1060 2466 posset-pa-

133 2495 207 2541 ssm.
224 2477 266 2541 ab
296 2479 348 2542 illo
376 2479 471 2561 petiit.
503 2478 597 2552 Quam
622 2499 693 2543 eum
716 2480 904 2562 impetrasset
915 2497 930 2559 ,·
946 2482 980 2544 in
999 2482 1059 2544 lide

132 2591 192 2637 uon
218 2574 354 2652 mansit,
380 2584 410 2638 et
428 2596 481 2653 se,
499 2577 588 2640 simul
606 2595 641 2640 ue
673 2577 788 2659 patuit,
811 2578 849 2642 ad
870 2577 1059 2661 Antipattum

133 2670 258 2752 recapit.
282 2669 433 2736 Eumenes
450 2671 602 2736 Craterum
630 2694 666 2739 ex
690 2676 753 2739 acie
771 2675 978 2738 semianimem
995 2676 1060 2738 ela·

135 2773 196 2829 tum
220 2783 358 2831 mereare
374 2768 489 2831 studuit
501 2769 560 2852 (2).
584 2770 657 2835 Cum
671 2771 700 2833 id
722 2789 783 2833 non
801 2780 915 2854 posset,
934 2789 987 2853 pre
1006 2772 1061 2833 ho·

135 2862 224 2927 utiuis
238 2864 395 2943 dignitate,
414 2884 528 2949 proque
545 2866 670 2949 pristina
688 2867 821 2930 amicitia
843 2869 988 2950 (namque
1008 2868 1060 2930 illo

134 2964 208 3051 uauq
223 2968 301 3040 erat,
324 2962 491 3027 Alexandro
515 2964 594 3040 vivo,
607 2964 815 3046 familiariter)
833 2964 933 3045 amplo
955 2963 1061 3027 lunare

136 3056 254 3135 extulit,
273 3077 399 3141 ossaque
422 3059 454 3122 in
472 3057 673 3123 Macedoniam
692 3061 776 3123 uxori
804 3060 870 3125 eius
898 3079 934 3122 ae
958 3060 1079 3123 liberis

136 3153 261 3216 remisit.

175 3246 210 3310 V.
231 3249 311 3312 Haeo
327 3251 398 3315 dum
418 3253 495 3335 apud
515 3252 743 3334 Hellespontum
761 3263 915 3334 geruntur,
935 3254 1087 3327 Perdis--

168 3401 198 3462 (ll
210 3403 317 3462 totelthe
332 3410 390 3452 tunt.

167 3469 197 3528 {2¹
214 3471 272 3516 ltal:
287 3471 396 3518 Statudld
406 3474 433 3519 dl
446 3473 645 3524 ricltumursallc
655 3481 713 3523 utto.
