2452 3938
442 587 729 668 PHOCION.

162 895 187 958 l.
207 893 350 973 Phocion,
370 894 563 957 atheniensis.
579 893 643 957 Etsi
657 907 744 976 saepe
763 895 941 961 exercitibus
953 916 1041 979 prae·

121 993 189 1071 iuit‚
209 1010 400 1074 summosque
417 992 603 1070 magistratus
620 992 717 1072 cepit,
741 999 839 1054 minen
864 995 1040 1058 multocius

121 1090 222 1152 notior
238 1088 391 1169 integritas
414 1098 463 1163 ost,
480 1089 574 1166 vitae,
601 1106 689 1169 quarn
708 1088 752 1150 rei
777 1089 914 1152 militaris
939 1091 1036 1153 labor.

121 1185 226 1268 ltaque
243 1186 332 1250 huius
358 1185 501 1250 memoria
518 1194 563 1248 est
589 1185 692 1263 nulla,
711 1186 791 1248 itlius
809 1196 908 1249 autem
933 1205 1041 1264 magna

121 1284 216 1347 tama:
233 1303 269 1348 ex
285 1304 362 1367 quo,
381 1286 556 1365 cognomine
579 1285 679 1348 Bonus
702 1296 746 1349 est
770 1285 944 1367 appellatus.
973 1285 1041 1346 Fuit

122 1382 372 1465 enimpcrpetuo
400 1402 533 1466 pauper,
562 1401 630 1446 cum
656 1383 819 1446 ditissimus
846 1400 911 1445 csse
943 1390 1043 1464 posset

122 1491 244 1562 propter
253 1481 423 1564 frequentes
439 1482 552 1545 delatos
562 1481 706 1560 honores,
725 1488 944 1563 potestatesque
961 1497 1043 1540 surn-

122 1597 199 1656 mas,
219 1597 296 1660 quae
315 1579 343 1642 ei
361 1598 378 1641 a
395 1581 504 1661 populo
526 1579 683 1640 dabantur.
701 1577 755 1641 hic
774 1596 842 1640 cum
859 1594 956 1656 araga
969 1576 1041 1638 Phi-

122 1676 554 1758 lippo(1)muneramaguae
578 1676 722 1757 pecuniae
744 1675 931 1757 repudiaret,
959 1675 1041 1753 lega-

122 1773 206 1854 tique
222 1772 411 1835 hortarentur
427 1773 561 1853 accipere
577 1771 640 1853 (Ξ),
664 1771 812 1852 simulque
834 1771 1040 1847 admonerent,

122 1869 148 1930 si
167 1869 233 1950 ipse
249 1868 294 1930 his
312 1869 398 1931 tacite
415 1877 540 1946 careret,
560 1869 661 1932 liberis
685 1878 784 1931 tamen
801 1867 862 1928 suis
885 1867 1038 1948 prospice-

122 1975 179 2042 ret,
199 1964 308 2046 quibus
326 1965 444 2029 difficile
461 1976 539 2028 essct
556 1967 587 2027 in
604 1983 720 2027 summa
737 1971 910 2047 paupertate
929 1972 1040 2025 tantam

124 2066 277 2142 paternam
297 2063 373 2125 tueri
390 2063 528 2142 gloriam
549 2063 595 2124 his
612 2062 673 2124 itte:
689 2063 723 2126 Si
743 2063 800 2124 mci
813 2062 923 2124 similes
940 2070 1040 2138 eruat,

124 2159 291 2237 idem-hic,
310 2160 422 2241 inquit,
453 2160 565 2241 opelius
582 2160 648 2222 iilos
670 2160 745 2236 etet,
768 2159 820 2238 pei
842 2176 888 2221 me
904 2159 943 2221 ad
965 2159 1043 2221 heac

125 2257 299 2339 dignitatem
320 2259 490 2338 pcrdcait;
505 2259 555 2320 sin
572 2258 727 2320 dissimiles
748 2265 818 2320 seat
834 2256 952 2336 fetari,
974 2256 1043 2319 note

125 2355 196 2417 mec's
211 2355 350 2434 impensis
359 2356 480 2418 itteram
496 2356 538 2418 eli
556 2355 717 2436 deperipee
734 2356 900 2419 tenariam.

164 2449 202 2513 11.
223 2450 322 2528 idem,
343 2470 410 2513 curn
436 2471 527 2534 prope
544 2453 581 2515 ad
599 2471 709 2516 anuum
733 2452 943 2532 octogesimum
968 2459 1050 2534 pro·'

126 2567 212 2631 spera
223 2550 380 2612 mansisset
395 2550 527 2628 fortuna,
546 2551 683 2613 extremis
701 2549 884 2632 temporibus
903 2567 1042 2628 magnum

127 2641 278 2705 inedium
301 2645 434 2721 pervenit
451 2661 572 2706 suorum
594 2643 714 2723 picium.
737 2642 857 2721 Primo,
877 2643 1042 2724 quodcum

126 2734 255 2797 Demade
273 2736 333 2817 (3),
356 2736 393 2798 de
410 2735 485 2822 urire
503 2736 644 2799 tradenda
664 2734 817 2816 Antipatro
836 2735 895 2816 (d),
915 2754 1042 2796 consen-

128 2840 222 2910 serat3
239 2834 373 2923 ‘eiusque
397 2833 520 2896 consitio
538 2833 749 2895 Demosthenes
770 2849 838 2894 cum
856 2831 972 2910 ceteris,
992 2833 1044 2912 qui

156 3040 186 3101 (t)
201 3042 311 3103 Philippo
326 3043 429 3103 Aridaeo,
444 3044 569 3090 Alexandri
583 3045 663 3103 magui
676 3042 754 3090 tratre.
769 3043 813 3090 Atii
825 3053 870 3102 pro
884 3041 982 3089 Artdaee
997 3052 1045 3085 rna-

129 3121 196 3166 gnum
206 3111 283 3170 ipsum
298 3110 451 3157 Alexandrum
461 3113 596 3158 memorant.

158 3177 189 3236 (2)
202 3177 295 3224 Rectius
309 3183 337 3222 ct
351 3181 468 3236 acciperet.

158 3245 187 3304 td)
202 3245 342 3292 Atheniense
367 3248 467 3306 oratore,
494 3247 534 3304 qui
555 3245 710 3293 Macedonum
729 3245 799 3292 rebus
818 3244 941 3305 studebat,
956 3247 1047 3306 etpost

131 3312 243 3368 proelium
268 3311 332 3370 apud
347 3315 483 3374 cranooem,
506 3325 554 3371 quo
574 3313 725 3360 Athenienses
739 3313 770 3359 ab
788 3314 908 3373 Antipatro
924 3312 970 3362 run
983 3317 1045 3374 suut,

130 3387 208 3423 uocem
223 3378 344 3426 deditione
360 3381 425 3428 urhis
439 3383 609 3443 impetrandam
624 3395 673 3430 esse
689 3380 808 3430 censebat.

152 3448 188 3503 Η]
201 3447 319 3494 Praefecto
336 3448 484 3497 Macedoniae
499 3451 530 3498 ab
548 3451 677 3499 Alexandro
687 3452 713 3498 in
727 3453 803 3500 Aetam
817 3452 987 3512 proficiscente.
