2452 3938
128 223 168 287 28
481 237 697 284 rnnmsrocuns

129 333 276 396 niensium
296 331 425 395 restituit
440 332 600 413 praecipuo
620 331 827 412 periculosuo.
847 329 982 412 Namque
995 328 1048 394 La·

126 429 323 506 cedaemonii,
337 447 457 492 causam
469 428 607 490 idoneam
618 428 708 503 nacti,
723 436 843 509 propter
854 427 1048 491 barbarorum

125 527 326 603 excursiones,
355 546 414 608 qua
441 535 584 604 negarent
602 533 738 606 oportere
761 535 841 588 extra
858 525 1047 607 Peloponne-

125 641 191 685 sum
210 623 257 704 (l)
277 624 367 685 ullam
396 622 501 685 urbem
528 622 644 699 haberi,
661 641 699 686 ne
719 631 818 684 essent
835 623 900 684 loca
918 623 1046 701 munita,

124 737 201 800 qnae
217 719 317 784 hostes
329 720 525 800 possiderent,
536 719 733 782 Athenienses
745 719 935 782 aedificantes
946 720 1048 802 prohi-

124 815 195 879 bere
213 826 283 878 sunt
300 816 409 878 conati.
426 815 487 878 Hoc
505 817 593 894 longe
607 816 664 878 alio
684 815 836 896 spectabat
848 824 938 897 atque
954 815 1047 880 videri

37 940 41 951 —
122 911 271 974 nolebant.
291 912 488 975 Athenienses
506 913 586 975 euim
605 912 720 974 duabus
739 911 882 988 victoriis,
901 911 1048 976 Maratho-

123 1008 175 1070 nia
197 1017 227 1070 et
250 1007 424 1086 Salamihia,
445 1017 555 1072 tantam
573 1010 695 1089 gloriam
722 1009 801 1091 apud
824 1027 928 1071 omnes
944 1005 1046 1088 gentes

123 1112 207 1167 erant
223 1107 387 1184 consecuti,
407 1115 439 1168 ut
452 1107 651 1186 intelligerent
668 1105 898 1168 Lacedaemonii
909 1105 947 1168 de
959 1106 1045 1187 priu-

122 1204 221 1282 cipatu
238 1203 297 1265 sibi
314 1223 380 1266 cum
399 1204 444 1265 his
462 1213 611 1279 certamen
624 1205 697 1266 sore:
719 1221 810 1284 quare
826 1221 877 1264 eos
892 1221 984 1284 quam
995 1203 1045 1265 in·

51 1295 54 1301 ’
123 1300 306 1363 firmissimos
325 1321 389 1364 esse
413 1302 561 1364 nolebant.
586 1301 745 1382 Postquam
770 1307 868 1362 autem
887 1299 1046 1362 audierunt

123 1415 224 1460 muros
242 1398 367 1474 instrui,
387 1399 498 1477 legatos
520 1397 651 1459 Athenas
679 1397 841 1473 miserunt,
862 1397 961 1477 quiid
982 1397 1044 1460 heri

123 1500 266 1556 vetarent.
282 1492 335 1555 llis
352 1494 571 1575 praesentibus,
593 1492 744 1556 desierunt
763 1493 822 1574 (ἢ),
848 1512 882 1554 ac
907 1511 939 1554 se
958 1493 995 1556 de
1010 1512 1045 1556 ea

126 1607 159 1650 re
179 1589 289 1667 legatos
311 1590 346 1651 ad
366 1609 416 1652 eos
437 1591 577 1654 missuros
599 1591 745 1653 dixerunt.
765 1588 847 1652 Hanc
866 1591 1044 1668 legationem

124 1687 255 1768 suscepit
282 1686 517 1765 Themistocles,
540 1695 570 1750 et
591 1689 671 1750 solus
692 1687 958 1768 primo-proiectus
980 1697 1043 1763 est;

122 1783 233 1865 reliqui
250 1785 337 1864 legati
355 1793 388 1848 ut
416 1796 476 1848 tum
496 1786 630 1862 exirent,
649 1804 715 1847 ctum
735 1785 807 1847 satis
824 1784 949 1847 altitudo
968 1784 1045 1848 muri

123 1889 269 1943 exstructa
283 1878 446 1959 videretur,
464 1883 623 1965 praecepit:
644 1882 762 1944 interim
785 1900 888 1944 omues
905 1882 982 1944 servi
997 1892 1044 1944 at·

122 1996 182 2060 que
200 1978 286 2041 liberi
310 1999 384 2063 opus
411 1981 555 2057 iacerent,
585 1998 682 2060 neque
704 1980 758 2041 ulli
783 1979 848 2041 loco
876 1987 1043 2060 parcerent,

121 2075 183 2138 sive
200 2095 284 2139 sacer
301 2087 390 2154 esset,
410 2079 470 2140 sine
491 2079 644 2159 profanus,
663 2076 724 2138 sine
747 2075 888 2158 privatus,
910 2075 972 2138 sive
987 2097 1045 2159 pu·

122 2172 229 2247 hlicus;
247 2184 276 2237 et
293 2176 438 2258 undique,
467 2176 547 2257 quod
568 2175 708 2237 idoneum
727 2173 764 2234 ad
783 2173 977 2235 muniendum
996 2175 1044 2255 (3)

124 2281 275 2352 putarent,
291 2284 492 2352 congererent.
510 2271 573 2344 Quo
585 2274 693 2335 lactum
706 2280 762 2347 est,
775 2279 807 2332 ut
818 2270 1044 2334 Atheniensium

123 2369 200 2431 muri
216 2387 252 2430 ex
267 2370 383 2432 sacellis
398 2368 600 2451 sepulcrisque
619 2374 798 2430 constarent.

164 2464 226 2528 llll.
250 2466 462 2529 Themistocles
485 2474 602 2542 autem,
628 2472 662 2526 ut
677 2462 929 2526 Lacedaemonem
953 2465 1043 2542 veuit,

125 2565 205 2626 adire
221 2563 258 2625 ad
273 2564 460 2642 magistratus
480 2563 587 2638 uoluit,
606 2570 635 2624 et
653 2561 734 2623 dedit
753 2579 885 2642 operam,
906 2571 1045 2643 utquam

124 2656 294 2740 longissime
311 2669 426 2742 tempus
443 2659 575 2735 duceret,
590 2676 708 2721 causam
728 2658 917 2738 interponens
935 2677 968 2720 se
982 2659 1045 2722 col·

155 2861 187 2919 ll)
203 2863 290 2908 Graeca
305 2874 349 2908 vox
362 2870 460 2923 ινῆσος,
477 2860 560 2916 incula,
576 2859 600 2905 el
614 2859 708 2918 Pelope:
722 2859 772 2916 qui,
785 2857 919 2915 lugentibus
934 2855 1018 2914 opibus
1032 2868 1046 2902 a

125 2929 223 2989 Phrygia
237 2929 318 2989 allatis,
334 2929 406 2975 Elidis
420 2940 525 2986 reguum,
539 2927 657 2983 totamque
672 2928 709 2973 sui
724 2926 826 2971 nominis
852 2924 911 2969 lama
933 2922 1046 2981 Pelopon·

126 3011 210 3044 nesum
225 3000 306 3056 tenuit,
322 3011 382 3056 quae
393 2998 514 3057 praeterea
528 2996 583 3055 Apin
595 2993 670 3041 luerat
684 2994 805 3054 appellata.
822 2990 998 3038 decentioribus
1014 2989 1048 3035 est

125 3066 247 3112 loMereo.

157 3135 188 3190 l‘ll
212 3135 297 3192 llempe
313 3146 432 3181 murorum
449 3144 508 3190 opus
523 3143 606 3187 urgere
623 3129 776 3175 Athenienses.

156 3203 187 3257 ld)
211 3204 301 3248 htuuire
323 3203 416 3262 proprie
442 3203 476 3246 est
495 3199 617 3245 moenibus
641 3198 730 3256 sepira3
753 3205 854 3250 namque
879 3192 939 3238 idem
960 3191 997 3236 est
1021 3200 1047 3234 ne

127 3271 230 3314 moenire
247 3269 350 3326 paullum
363 3269 483 3312 immutata
497 3265 614 3312 scribendi
629 3266 716 3310 rollone
731 3261 873 3318 altomonte,
887 3259 928 3316 qui
938 3267 1047 3314 graecam

126 3335 297 3394 diphthongum
317 3353 339 3382 οι
358 3347 404 3379 non
417 3347 509 3392 semper
523 3335 594 3379 latina
608 3344 648 3391 oe,
665 3329 706 3376 sed
722 3328 839 3374 interdum
851 3341 867 3371 u
882 3327 999 3382 retulere,
1016 3325 1048 3368 tta

128 3407 153 3447 ut
176 3414 304 3461 promiscue
325 3403 410 3447 Poenos
429 3404 452 3447 el
476 3401 574 3446 Punicos
599 3403 630 3456 (a
655 3397 756 3462 dotari),
770 3407 843 3452 poeno
862 3396 885 3440 et
894 3394 967 3452 punto
979 3401 1048 3435 usur·

127 3474 216 3530 parent.
