2452 3938
246 403 317 486 un
354 368 622 488 aaronem
664 401 910 486 aurora*

158 985 339 1071 ³Cornelius
358 985 463 1074 Nepos
480 984 637 1053 Hostiliae
654 995 750 1052 natus
770 993 836 1067 est,
859 983 915 1072 qui
934 1005 1037 1072 pagus

122 1093 200 1160 olim
227 1091 463 1159 Veronensium
487 1090 550 1157 fuit
572 1091 606 1157 in
625 1090 840 1179 transpadana
860 1089 972 1157 ltaliae
989 1111 1039 1158 re·

121 1196 293 1288 gioneti).
322 1196 392 1277 Quo
418 1216 503 1266 anno
531 1206 563 1264 et
592 1195 712 1285 quihus
735 1194 950 1285 parentibus,
971 1215 1039 1265 non

121 1313 258 1372 constat.
286 1303 355 1371 Hoc
369 1313 480 1370 tamen
499 1313 549 1370 est
572 1313 791 1392 compertum,
815 1313 847 1370 et
866 1312 940 1370 ante
959 1301 1039 1370 Cae·

121 1409 203 1478 saris
228 1409 445 1491 dictaturam,
470 1418 504 1476 et
534 1426 573 1477 eo
593 1408 767 1492 dictatore,
790 1419 823 1476 et
851 1419 962 1496 postea
991 1407 1039 1475 ri·

121 1514 222 1598 sisse,
256 1514 383 1582 Catullo
418 1523 451 1583 et
478 1513 627 1584 Ciceroni
662 1513 801 1583 maxime
834 1514 974 1582 amicum
1007 1525 1041 1582 et

122 1619 335 1704 familiarem;
365 1631 464 1709 atque
493 1641 512 1688 a
543 1618 740 1690 Callisthene
771 1621 889 1690 liberto
914 1639 1039 1689 veneno

122 1727 339 1815 interceptum
366 1725 486 1796 obiisse
520 1746 605 1795 anno
637 1727 728 1796 urhis
761 1726 910 1796 conditae
936 1725 1041 1796 ferme

122 1832 428 1922 septingentesimo,
452 1843 569 1922 quarto
588 1844 621 1901 et
637 1833 809 1916 vicesimo;
830 1852 933 1921 quum
947 1831 1040 1900 ¹uide·

122 1938 198 2006 licet
215 1939 381 2026 Augustus
397 1938 462 2006 iam
479 1959 591 2008 rerum
610 1939 757 2008 omnium
776 1948 970 2027 potestatem
987 1936 1042 2005 oh

122 2042 318 2134 tineretfflp.

169 2150 286 2218 Extant
304 2151 374 2219 eius
396 2150 485 2218 Vitae
497 2149 718 2219 eccellentiae
739 2146 890 2218 Graeciae
906 2149 1044 2236 impae-

124 2262 228 2324 toram
243 2253 306 2346 (3),
337 2276 418 2345 quas
444 2276 561 2343 graeco
588 2256 678 2324 fonte
693 2253 742 2346 (4)
769 2254 915 2324 deduxit.
947 2253 1043 2322 Hisce

154 2451 212 2496 'En
227 2451 333 2497 Historia
347 2455 429 2498 critica
444 2453 516 2498 litter.
532 2451 600 2499 latia.
616 2451 659 2499 Tri.
669 2453 802 2513 trutinari,
816 2453 856 2498 lid.
871 2453 898 2508 ir,
911 2463 932 2499 e.
945 2452 969 2512 9,
984 2450 1028 2512 ΞΒ.

153 2571 186 2628 (l)
201 2572 226 2616 V.
242 2573 338 2631 Narrat,
354 2574 447 2620 Verona
462 2575 588 2635 illustrata,
602 2576 648 2620 vol.
663 2576 702 2633 ui,
717 2575 810 2634 liliano,
825 2573 899 2619 in·80.

153 2640 184 2696 (2)
201 2639 233 2685 Da
249 2641 317 2686 Corn.
333 2643 424 2700 Nepotis
439 2643 520 2702 aetate,
536 2641 714 2703 vita-moribus,
728 2644 864 2688 doctrinaet
878 2642 967 2699 seriptis
982 2641 1043 2686 vide·

125 2709 155 2754 sis
175 2710 369 2755 commentarium
384 2712 523 2768 perpetuum
545 2711 568 2754 in
583 2710 651 2755 Corn.
667 2712 760 2768 Nepotis
780 2712 861 2756 excell.
878 2709 1044 2767 imperatorum

125 2775 190 2834 vitas,
203 2778 386 2834 conscriptuma
402 2781 452 2824 car.
466 2777 537 2822 llenr.
546 2776 690 2824 Tzachucke.
706 2780 836 2837 Gottingae,
851 2776 922 2836 4804,
937 2773 1044 2821 tn·8⁰.-

124 2839 156 2885 Gi.
172 2844 196 2886 c.
208 2843 232 2886 F.
248 2843 334 2901 hausu,
350 2845 436 2888 Comm.
446 2843 475 2889 de
488 2843 577 2890 cornel.
589 2843 646 2901 Nep.
662 2847 710 2891 sits
720 2848 744 2891 et
758 2847 855 2903 scriptis.
870 2842 1040 2902 Quedliuhurg.

125 2906 192 2966 itti,
206 2909 277 2954 Μ.

155 2973 187 3032 (5)
198 2975 281 3031 Viginti
295 2981 472 3026 enumerantur:
489 2977 595 3025 Miltiadis
610 2977 725 3037 videlicet,
740 2977 911 3034 Themistoclis,
927 2976 1045 3048 Aristidis,

126 3045 263 3104 Pausaniae,
276 3047 384 3105 Cimonis,
400 3047 519 3108 Lysandri,
535 3047 664 3107 Alcibiadis,
679 3046 824 3105 Thrasybuli,
837 3047 945 3105 Cononis,
955 3047 1045 3107 Diouis,

126 3111 259 3171 iphicratis,
276 3114 403 3175 Chabriae,
419 3116 550 3176 Timothei,
566 3117 680 3173 Datamis,
701 3114 891 3176 Epaminondae,
907 3115 1030 3175 Pelopidas

126 3180 235 3238 Agesilai,
256 3180 374 3235 Eumenis,
389 3183 514 3231 Phocionis
528 3187 551 3229 et
566 3183 725 3228 Timoleontis.

157 3246 190 3302 (4)
205 3247 254 3293 via.
272 3249 297 3294 ll.
311 3250 338 3295 li.
354 3253 474 3309 Wrcasas,
491 3251 624 3308 hisquisitio
643 3252 696 3296 crit.
714 3250 743 3296 de
765 3249 850 3296 iontih·
864 3254 888 3297 et
909 3254 1046 3302 auctoritate

127 3308 196 3359 Corn.
210 3314 309 3372 Nepotis.
325 3317 443 3375 Groning,
453 3317 518 3375 4828,
529 3319 595 3364 in·80.
606 3314 731 3376 ÷Hrruzu,
742 3317 808 3363 Com.
819 3319 894 3377 Nepos
909 3333 939 3366 ex
954 3320 1045 3376 Thucy·
1121 3310 1122 3314 ¹

126 3381 181 3426 dide
191 3383 346 3429 emendandus
356 3388 426 3442 atque
437 3385 584 3432 iudicandus.
592 3386 634 3432 Ed.
643 3385 822 3446 Eichest.,i825,
831 3387 875 3432 vol.
882 3387 899 3448 i,
907 3400 930 3448 p.
938 3387 982 3435 452
994 3391 1039 3437 iti
