2704 4046
534 292 694 342 nrnormrs
1015 277 1076 342 i09

151 395 197 450 ret
214 385 275 470 (l),
294 386 409 470 iterque
421 387 474 469 pei
491 385 741 468 Thebeslaeeret,
760 401 857 449 arcam
873 383 989 468 oppidi,
1000 403 1077 469 quae

149 482 280 548 Gadmea
308 484 490 561 nominatur,
511 483 682 565 occuparit,
711 483 842 563 impulsu
859 497 1076 566 perpaucorum
1085 455 1158 552 ,fiii

150 577 374 656 Thebanomm,
394 581 457 661 qui,
477 579 662 642 adversariae
680 579 803 642 lectioni
821 595 881 662 quo
896 579 1014 642 facilius
1031 591 1079 640 ce·

150 675 301 753 sisterent,
315 674 466 738 baconem
478 675 573 738 rebus·
584 675 754 753 studebant;
771 675 861 757 idque
879 692 933 738 sno
952 675 1077 758 privato,

150 789 212 834 non
230 771 350 853 publico
386 772 456 835 iecit
487 772 624 834 consilio.
649 769 716 843 Quo
736 771 814 834 lacto
839 789 907 835 eum
926 771 1077 835 Lacedae·

150 869 245 931 tnonii
261 869 299 932 ab
315 869 446 932 exercitu
458 877 665 946 removerunt,
680 869 867 950 pecuniaque
884 870 1076 950 mulctarunt3

151 985 250 1047 neque
275 983 310 1028 eo
329 967 424 1045 magis
440 980 539 1028 arcem
568 963 718 1028 Thebanis
743 965 955 1042 reddiderunt5
978 967 1077 1048 quod,

151 1062 298 1146 susceptis
308 1062 486 1139 inimicitiis,
503 1063 596 1125 satius
609 1061 759 1125 ducebant
770 1079 822 1124 eos
838 1061 970 1124 obsideri
988 1082 1078 1146 quam

149 1159 285 1223 liberari.
300 1159 373 1222 Nam
393 1169 460 1240 post
474 1159 720 1240 peloponnesium
739 1158 864 1235 bellum,
884 1159 1077 1241 Athenasque

151 1257 294 1335 demutas,
314 1273 381 1330 oum
401 1254 551 1319 Thebanis
567 1255 625 1317 sibi
643 1273 706 1318 rem
724 1271 789 1316 esse
807 1253 1027 1332 existimabant,
1049 1269 1079 1317 et

150 1371 203 1418 eos
221 1371 286 1417 esse
308 1355 409 1431 solos,
438 1353 490 1434 qui
508 1352 648 1414 adversus
672 1351 812 1414 resistere
833 1351 988 1414 auderent.
1013 1349 1075 1414 liae

151 1451 365 1515 menteamiois
376 1451 438 1513 suis
455 1469 587 1513 sommas
606 1458 765 1531 potestates
783 1449 937 1528 dederant3
954 1450 1078 1511 alterius
1126 1459 1130 1468 '

150 1547 288 1611 iectionis
299 1547 449 1629 principes
460 1549 569 1629 partim
583 1546 804 1624 interfecerant,
819 1544 893 1608 alios
911 1545 942 1608 in
956 1544 1077 1608 erilium

151 1647 321 1709 eiecerunt:
349 1644 508 1727 inquibus
529 1643 685 1726 Pelopidas
709 1643 776 1722 hie,
800 1644 838 1708 de
862 1659 921 1726 quo
947 1643 1077 1707 scrihere

152 1743 380 1819 exorcismus,
397 1742 514 1823 pulsus,
534 1740 630 1822 patria
648 1741 778 1803 canebat.

194 1835 232 1900 h.
252 1835 288 1900 Hi
307 1855 409 1901 omnes
427 1839 490 1900 lare
512 1837 642 1899 Athenas
660 1855 693 1898 se
710 1837 915 1912 contulerant,
935 1853 995 1900 noo
1013 1855 1073 1920 qno

152 1943 349 2017 sequerentur
367 1933 537 2011 etiamsed
557 1942 753 2015 utquomque
772 1951 807 1996 eu
824 1933 958 2016 proxime
978 1935 1076 1995 locum

152 2051 218 2095 sors
236 2032 403 2109 obtulisset,
426 2049 462 2094 co
487 2032 614 2113 patriam
632 2047 807 2112 recuperare
831 2031 997 2094 niterentur
1013 2031 1073 2112 (2).

151 2129 268 2212 Itaque,
287 2147 355 2192 oum
374 2137 491 2210 tempus
515 2137 561 2190 est
586 2128 679 2189 risum
698 2128 742 2190 rei
759 2127 920 2212 gerendae,
939 2145 1076 2189 eommu-

154 2227 232 2288 niter
250 2245 317 2289 eum
338 2226 395 2305 his,
415 2226 467 2308 qui
484 2224 593 2288 Thebis
607 2225 685 2287 idem
703 2225 882 2301 sentiebant,
902 2221 980 2286 diem
997 2223 1077 2286 dele·

152 2333 270 2404 gerunt,
291 2323 328 2390 ad
342 2324 481 2388 inimicos
499 2323 709 2406 opprimendos
724 2321 932 2405 civitatemque
948 2322 1078 2384 liberan-

148 2423 235 2498 dam,
249 2439 329 2497 eum,
350 2441 408 2502 quo
422 2421 543 2483 maximi
554 2421 742 2503 magistratus
757 2421 845 2484 simul
862 2428 1077 2483 consueverant

153 2519 269 2602 epulari
282 2518 341 2601 (3).
362 2517 482 2598 Magnae
510 2537 599 2601 saepe
630 2536 678 2581 res
705 2538 765 2587 uon
782 2519 824 2581 ita
843 2518 957 2598 magnis
983 2517 1077 2599 copiis

153 2625 224 2679 sunt
239 2624 352 2698 gastae:
372 2615 424 2678 sed
442 2617 572 2697 proiecto
585 2632 738 2699 nunquam
753 2618 790 2680 ab
811 2625 870 2679 tam
892 2615 973 2700 tenui
990 2615 1075 2678 initio

154 2723 255 2776 tantae
272 2731 343 2794 opes
360 2714 629 2794 suntprofligetae.
650 2714 723 2777 Nam
737 2713 892 2778 duodecim
905 2713 1075 2776 adolescen-

154 2811 211 2874 tuli
228 2810 376 2888 eoierunt,
395 2831 430 2873 ex
445 2812 490 2873 his
508 2813 559 2894 qui
577 2812 664 2875 exilio
677 2822 762 2874 erant
774 2812 919 2889 mulctati,
936 2831 1003 2873 cum
1016 2827 1077 2872 orn·

154 2907 227 2971 nine
246 2924 306 2970 non
324 2917 423 2971 essent
440 2910 710 2990 ampliuscentum,
724 2908 775 2990 qui
794 2917 874 2972 tanto
893 2925 924 2972 se
936 2909 1076 2970 offerrent

154 3005 300 3088 periculo;
320 3023 379 3088 qua
398 3006 544 3088 paucitate
559 3024 701 3088 percussa
714 3013 759 3068 cst
771 3004 1075 3069 Lacedaemoniorum

185 3180 217 3238 (t)
231 3181 259 3228 ut
283 3179 345 3226 banc
369 3180 484 3228 Thraciae
505 3181 589 3228 urbem
611 3181 642 3227 ab
660 3181 757 3240 amputa
773 3180 926 3228 ldacedouum
948 3193 1002 3239 rege
1025 3183 1075 3229 tue·

152 3250 289 3378 ”gibais
304 3316 441 3376 llaparcbc¹
453 3314 589 3376 efferendam
602 3318 620 3362 tt
634 3325 705 3378 come,
715 3319 839 3379 patescere,
854 3317 891 3363 cut
899 3317 965 3376 tuopo
974 3317 1074 3379 errando,
1176 3363 1179 3370 ,

152 3391 231 3432 tenter
238 3385 363 3432 diriuocre
372 3386 396 3430 to
404 3389 494 3444 putria.

184 3453 215 3509 (ὅ)
232 3453 318 3512 Nempe
329 3453 390 3499 diem
408 3453 488 3499 Veneri
502 3465 602 3512 sacrum,
618 3463 666 3512 que
676 3453 821 3515 polemarcbi
835 3465 861 3504 aa
870 3467 921 3503 eea
936 3455 1074 3512 magistratu

151 3521 289 3567 abdicantes
300 3520 369 3568 simui
378 3521 534 3581 epidarentur.
