2452 3938
210 273 268 334 trs
462 287 546 335 arros
567 285 731 332 ronronrus
753 283 875 330 anricus

246 378 321 443 XIV.
341 378 432 465 Nemo
451 379 483 441 iu
498 377 629 441 convivio
648 375 712 440 eius
730 376 811 439 aliud
829 393 966 438 acroama
982 376 1029 459 (l)
1044 377 1131 442 audi·

204 477 257 556 vit,
279 495 368 559 quam
387 483 591 554 anagnosten:
617 473 698 556 quod
720 491 775 536 nos
798 471 917 555 quidem
942 472 1128 538 iucundissi-

204 592 286 637 mum
306 573 495 644 arbitramur.
514 570 615 654 Neque
640 589 772 652 unquam
794 571 859 632 sine
880 569 981 652 aliqua
998 572 1130 636 lectione

203 671 281 753 apud
301 689 369 733 curn
388 678 544 732 coenatum
564 677 629 748 est;
649 677 681 730 ut
699 687 759 729 non
777 667 875 729 minus
902 667 1015 745 animo,
1036 688 1124 750 quam

201 777 303 830 ventre
314 765 689 830 conrivaedelectarentur.
698 764 832 847 Namque
844 783 894 826 eos
905 764 1041 842 vocabat,
1056 785 1130 848 quo·

200 883 267 926 rum
287 882 384 926 mores
407 863 504 925 asnis
524 882 585 924 non
604 863 808 926 abhorrerent.
835 859 908 924 Cum
926 868 1009 924 tanta
1030 881 1127 943 pecu-

200 960 268 1022 niae
286 959 363 1022 lacta
381 945 460 1022 e'sset
476 960 617 1036 accessio,
632 959 707 1021 nibil
722 951 765 1021 de·
773 957 946 1038 quotidiano
965 959 1046 1021 cultu
1061 978 1126 1022 mu-

106 1125 110 1130 ,
200 1057 291 1134 tavit,
313 1058 389 1119 nihil
413 1058 544 1125 detritae
568 1056 801 1119 consuetudine:
831 1064 972 1136 tantaque
990 1075 1063 1118 usus
1080 1065 1128 1120 est

199 1153 416 1231 moderatione,
436 1162 471 1216 ut
492 1173 588 1234 neque
609 1153 641 1215 in
661 1152 796 1216 sestertio
814 1152 905 1215 vicies
923 1153 983 1233 (b),
1009 1153 1088 1234 quod
1107 1173 1128 1216 a

197 1259 282 1332 patre
298 1260 463 1333 acceperat,
480 1270 586 1332 parum
606 1269 638 1314 se
655 1250 811 1332 splendide
831 1250 966 1329 gesserim
983 1268 1081 1332 neque
1092 1251 1123 1312 in

197 1349 334 1411 sestertio
350 1349 463 1411 centies
478 1348 525 1429 (3)
544 1348 712 1410 affluentius
736 1347 856 1425 vixerit,
876 1365 965 1428 quam
982 1347 1124 1410 institue·

197 1454 255 1521 rat,
271 1445 395 1526 parique
410 1444 526 1524 lastigie
541 1446 656 1508 steterit
673 1445 846 1527 inutraque
869 1444 998 1505 fortuna.
1018 1443 1124 1506 Nullos

196 1540 303 1604 habuit
328 1542 451 1617 hortos,
481 1540 593 1602 nullam
612 1541 837 1617 suburbanam,
862 1550 912 1602 aut
941 1541 1121 1603 maritimam

194 1646 398 1718 sumptuosam
413 1637 524 1698 villam:
548 1655 646 1718 neque
664 1638 695 1699 in
717 1637 813 1715 ltalia,
838 1646 957 1718 praeter
981 1635 1121 1700 Ardeati·

195 1753 267 1797 num
279 1741 308 1798 et
316 1733 533 1797 Nomentanum
550 1735 610 1817 (l),
625 1735 769 1798 rusticum
784 1736 949 1817 praedium:
965 1735 1121 1816 omnisque
1134 1744 1138 1751 '

194 1832 259 1895 eius
276 1832 421 1915 pecuniae
432 1833 546 1895 reditus
563 1833 717 1896 constabat
735 1833 765 1895 in
786 1833 936 1914 epiroticis
955 1842 984 1895 et
996 1832 1120 1894 urbanis

195 1930 444 2010 possessionibus,
465 1949 499 1992 ex
521 1949 580 2011 quo
598 1933 735 2011 cognosci
753 1940 861 2014 potest,
881 1948 948 1992 eum
969 1948 1057 1992 usum
1069 1947 1125 2010 pe·

193 2028 300 2090 cuniae
315 2048 375 2091 non
399 2029 612 2108 magnitudine„
632 2029 684 2091 sed
701 2030 814 2091 ratione
837 2028 935 2090 metiri
950 2027 1084 2089 solitum.

233 2123 294 2188 llll.
314 2124 498 2188 Mendacium
517 2144 614 2208 neque
637 2126 772 2204 dicebat,
791 2143 888 2208 nequo
907 2125 966 2207 pati
986 2132 1121 2206 poterat,

192 2219 295 2303 ltaque
314 2224 378 2284 eius
393 2223 517 2286 comitas
526 2241 586 2285 non
600 2222 665 2285 sine
676 2224 832 2286 severitate
847 2231 921 2300 erat,
940 2240 1038 2303 neque
1050 2240 1119 2300 gra-

192 2319 267 2408 vitas
284 2319 349 2381 sine
365 2321 523 2383 facilitate:
544 2329 577 2382 ut
598 2320 718 2384 difficile
736 2328 814 2384 esset
829 2319 995 2397 intellectu,
1015 2330 1115 2384 utrum

192 2433 261 2478 eum
280 2417 368 2479 amici
387 2420 479 2497 magis
494 2430 675 2497 vererentur,
689 2439 727 2483 an
747 2419 892 2481 amarent.
904 2416 1053 2500 Quidquid
1065 2437 1116 2481 ro·

191 2513 332 2593 gabaon,
352 2515 489 2594 religiose
508 2518 555 2598 (5)
574 2517 777 2599 promittebat;
796 2516 874 2598 quod
888 2535 947 2578 non
967 2516 1116 2593 liberalis,

191 2613 243 2675 sed
260 2612 333 2675 levis
357 2612 580 2691 arbitrabatur,
603 2615 748 2696 polliceri,
774 2615 851 2696 quod
879 2622 1029 2696 praestare
1053 2634 1113 2677 non

191 2719 300 2792 posset.
317 2709 397 2774 ldem
413 2710 444 2773 in
459 2711 580 2774 nitendo
600 2712 678 2794 quod
688 2712 735 2793 (6)
749 2713 841 2774 semel
854 2710 1018 2789 annuisset,
1031 2720 1117 2774 lanta

191 2818 255 2871 erat
272 2826 354 2885 cura,
374 2817 485 2871 utnon
504 2809 685 2887 mandatam,
705 2809 756 2872 sed
773 2827 857 2872 suam
880 2827 942 2873 rem
961 2808 1118 2871 rideretur

219 2984 249 3043 ll)
266 2988 385 3044 acroama,
400 2997 481 3043 graeca
504 2997 552 3032 vox
571 2984 712 3054 (ἀκρόαμα)
733 2997 747 3031 a
770 2985 841 3032 vorbo
860 2984 1000 3053 ἀκροάομαι,
1025 2985 1115 3044 nodio,

190 3054 225 3098 est
239 3054 280 3110 qui
295 3052 399 3111 auditur,
411 3055 451 3098 aut
462 3052 527 3110 quod
538 3054 648 3111 auditur,
661 3055 732 3110 atquo
748 3053 777 3099 da
792 3054 885 3100 musicis
900 3054 924 3098 et
939 3052 1061 3111 rhapsodis
1075 3052 1113 3099 di·

188 3120 296 3181 cebatur,
311 3121 386 3167 uelde
398 3121 435 3180 lis,
447 3133 507 3179 quae
523 3120 553 3167 ab
568 3123 602 3167 cis
617 3121 709 3180 fierent,
721 3122 858 3180 praesertim
870 3121 900 3167 ad
914 3132 1011 3167 mensas.

199 3226 205 3247 ,
219 3189 249 3246 (2)
265 3190 352 3248 supple
366 3191 466 3235 centena
481 3189 566 3248 millia,
576 3189 632 3234 ital:
646 3190 742 3249 olomeo
755 3188 855 3243 francici.

217 3258 248 3318 (ὅ)
263 3257 320 3304 [ἱεὶς
334 3258 454 3317 utromodo
467 3257 493 3302 dl
506 3257 608 3310 francici.

219 3327 251 3382 (t)
266 3324 346 3385 arden,
363 3324 418 3370 urbs
432 3325 490 3370 Latii
510 3324 592 3371 nobills
603 3323 655 3384 luit,
671 3325 741 3383 eaput
760 3324 912 3386 Rutulorum3
928 3325 1067 3372 Nomentum
1082 3325 1114 3371 in

187 3394 275 3441 Sabinis
297 3393 358 3451 apud
373 3393 460 3439 lllllam.

217 3454 248 3513 lb)
263 3453 384 3510 Postquam
400 3453 527 3511 cogitasset,
543 3453 657 3511 praestare
673 3453 750 3512 posset
764 3464 809 3499 uec
824 3467 862 3501 uo.

218 3521 248 3582 (dt
260 3522 324 3568 Clrca
340 3521 413 3580 quod.
