2452 3938
372 257 456 304 rinus
477 257 642 304 romonms
669 256 790 304 urricus
985 243 1041 304 rar

124 349 226 431 Attigit
248 370 365 433 quoque
383 352 518 432 po'e'ticen
537 351 596 432 (t);
617 351 777 426 credimus,
797 370 835 413 ne
862 349 925 413 eius
942 370 1046 432 expers

123 457 202 511 esset
215 449 377 511 suavitatis.
397 448 531 528 Namque
557 446 702 523 versibus,
724 447 775 528 qui
787 448 833 528 (2)
852 447 977 524 honore,
994 466 1046 510 re-

123 564 250 625 rumque
270 553 418 623 gestarum
446 542 642 625 amplitudine
666 552 780 606 ceteros
802 544 918 606 romani
944 545 1046 625 populi

122 642 344 722 praestiterunt,
369 640 514 721 exposuit:
535 640 588 716 ita,
608 649 642 701 ut
659 639 713 702 sub
733 640 917 719 singulorum
936 640 1044 719 imagi-

123 739 213 800 nibus
231 739 311 800 sacta
337 738 585 817 magistratusque
609 754 713 799 eorum
735 755 796 799 uon
821 737 949 819 amplius
968 755 1045 818 qua·

113 837 236 912 ternis,
266 834 401 917 quinisve
422 833 556 896 versibus
579 833 787 913 descripserit:
813 833 891 913 quod
915 832 962 894 vix
979 851 1046 895 cre·

124 933 254 995 dandum
272 933 322 1008 sit,
338 939 435 994 tantas
450 950 496 993 res
512 940 570 992 tam
587 931 715 993 breviter
733 931 864 1011 potuisse
888 929 1044 993 declarari.

124 1029 176 1092 Est
201 1030 291 1091 etiam
318 1048 397 1091 unus
421 1027 509 1104 liber,
533 1045 638 1106 graece
653 1028 817 1104 conlectus,
837 1028 874 1090 de
892 1028 1047 1089 consulatu

125 1124 285 1188 Ciceronis.
297 1124 457 1203 Hactenus,
466 1124 562 1186 Attico
574 1124 650 1200 viro,
665 1124 743 1186 edita
755 1125 828 1186 haec
839 1124 953 1186 anubis
964 1133 1044 1186 sunt.

166 1221 240 1283 Xlll.
264 1221 361 1299 Nunc,
378 1223 518 1303 quoniam
537 1222 656 1284 fortuna
668 1241 722 1283 nos
740 1222 912 1302 superstites
937 1220 966 1282 ei
983 1239 1048 1282 esse

126 1320 239 1395 voluit,
259 1319 375 1399 reliqua
393 1336 621 1400 persequemur:
643 1327 673 1380 et
691 1314 834 1399 quantum
862 1317 1046 1399 poterimus,

124 1435 223 1477 rerum
243 1416 384 1497 exemplis
401 1417 524 1478 lectores
540 1416 727 1492 docebimus,
752 1416 828 1477 sicut
845 1432 934 1496 supra
952 1413 1046 1493 signi-

124 1514 277 1575 ficavimus
289 1513 348 1593 (3),
369 1532 440 1575 suos
456 1513 563 1594 cuique
580 1532 677 1576 mores
694 1513 870 1595 plerumque
889 1511 1048 1574 conciliare

125 1609 286 1672 fortunam.
308 1609 441 1690 Namque
455 1610 503 1671 hic
521 1618 678 1672 contentus
699 1609 802 1672 ordine
820 1607 962 1690 equestri,
987 1626 1046 1690 quo

126 1717 189 1769 erat
209 1718 303 1784 ortus,
322 1707 353 1768 in
373 1708 544 1769 affinitatem
561 1706 694 1786 pervenit
710 1706 897 1787 imperatoris
919 1704 984 1768 Diri
999 1705 1047 1786 (d)

125 1805 190 1880 filii,
214 1824 281 1866 cum
300 1805 358 1864 iam
378 1812 445 1865 ante
468 1802 699 1864 familiaritatem
722 1804 786 1864 eius
805 1812 883 1864 esset
899 1821 1046 1865 consecu-

125 1911 193 1975 tus,
218 1901 300 1962 nulla
317 1901 375 1960 alia
393 1918 444 1975 re,
464 1917 553 1980 quam
571 1899 717 1977 elegantia
737 1900 830 1977 vitae,
856 1918 915 1981 qua
933 1908 1051 1962 ceteros·

127 1997 414 2076 ceperatprincipes
432 1994 479 2076 (5)
499 1995 636 2072 civitatis,
662 1995 803 2074 dignitate
823 1997 899 2076 pari,
927 1996 1047 2057 fortuna

126 2092 295 2154 humiliore.
312 2091 406 2153 Tanta
417 2092 495 2153 enim
508 2093 691 2173 prosperitas
700 2091 852 2156 Gaesarem
863 2092 909 2174 (6)
921 2101 966 2155 est
980 2111 1048 2154 con·

127 2198 239 2265 secuta,
260 2198 294 2250 ut
305 2189 380 2250 nihil
398 2190 425 2251 ei
441 2208 499 2251 nou
513 2190 649 2252 tribuerit
661 2190 791 2267 fortuna,
808 2190 889 2272 quod
906 2190 1046 2272 cuiquam

127 2295 196 2348 ante
218 2286 372 2363 detulerit;
393 2294 423 2348 et
440 2286 619 2360 conciliarit,
645 2287 726 2369 quod
750 2305 839 2350 nemo
857 2287 955 2350 adhuc
974 2286 1046 2349 civis

127 2401 268 2444 romanus
295 2383 388 2464 quirit
410 2383 552 2465 consequi
575 2383 634 2464 (l).
665 2383 738 2446 Nata
764 2394 810 2447 est
840 2394 937 2447 autern
967 2385 1048 2447 Atti·

129 2497 162 2539 co
178 2480 274 2559 neptis
301 2499 336 2541 ex
360 2479 506 2561 Agrippa,
525 2480 574 2542 cui
601 2480 743 2559 virginem
759 2482 849 2543 filiam
873 2482 1064 2553 collocarat„

128 2573 209 2634 Hanc
226 2574 333 2637 Caesar
350 2577 396 2637 vix
418 2576 587 2638 anniculam
598 2577 659 2658 (8),
675 2575 794 2640 Tiberio
813 2577 934 2641 Claudio
955 2577 1047 2641 Nero·

129 2671 160 2731 ui
173 2672 219 2751 (o)
230 2670 355 2734 Dmsilla
375 2681 456 2750 nato,
468 2673 601 2755 privigno
619 2693 686 2750 suo,
705 2675 872 2756 despondit:
887 2693 963 2757 quae
975 2693 1047 2736 con·

157 2800 190 2857 (l)
207 2803 293 2848 Graeca
310 2814 355 2849 vor
370 2803 517 2871 (ποιητική)
532 2807 645 2863 poeticam
661 2803 748 2852 diceres
770 2805 854 2856 latine.
871 2804 1047 2862 subintelligens

128 2874 250 2991 ariiindos
264 2939 333 2997 viros,
345 2938 386 2996 qui
400 2938 446 2984 etc.

159 3002 189 3062 (5)
202 3003 233 3049 ci.
248 3017 300 3062 cap.
311 3009 344 3052 xl.

159 3070 190 3129 (t)
205 3070 255 3116 lullt
270 3073 380 3129 caesaris,
394 3073 435 3129 qul
450 3073 502 3130 post
517 3074 614 3118 mortem
627 3072 712 3118 relatus
727 3071 802 3118 tuerat
818 3073 879 3120 lntar
891 3071 959 3118 Deos.

156 3139 188 3195 (5)
208 3139 321 3184 Primores
336 3138 443 3199 civitatis,
459 3139 500 3196 qul
514 3140 537 3184 ln
553 3139 633 3197 aliquo
647 3150 746 3186 numero
762 3141 847 3186 essent.

159 3206 188 3262 td)
200 3207 358 3264 Octavianum,
369 3206 410 3263 qul
418 3208 499 3252 caesar
507 3206 576 3250 ollam
591 3218 605 3250 a
620 3207 723 3252 caesaris
731 3205 856 3264 odoptlone
867 3205 1048 3266 estappeltatus.

158 3273 190 3327 (7)
204 3273 237 3332 Ut,
248 3274 321 3332 putria
336 3274 440 3319 libertate
456 3273 644 3334 oppresso,solus
659 3275 683 3318 in
695 3273 812 3333 republica
823 3274 952 3333 imperaret.

160 3340 189 3393 (8)
205 3342 260 3386 tute
273 3353 361 3387 anuum
376 3343 463 3399 natam:
475 3341 582 3400 leaauta
602 3353 617 3386 a
636 3343 711 3398 goutte
725 3342 818 3387 nomtne
838 3341 867 3387 de
888 3351 952 3386 more
970 3337 1070 3401 tutat,

131 3408 250 3533 oppppqqqpi.
261 3476 362 3531 Augusto
377 3476 400 3521 ln
416 3476 514 3535 imperto
529 3477 647 3524 successit.
