2452 3938
168 250 209 316 ld
559 263 696 311 narinus
745 212 752 229 ⁸

208 360 245 423 X.
264 358 318 422 Hic
337 365 436 422 tamen
454 368 513 421 tam
531 357 655 421 caitidus
671 358 714 419 vir
731 365 861 420 extremo
880 365 1016 439 tempore
1037 376 1098 422 ea·

167 469 235 541 ptus
260 467 304 521 est
320 455 512 532 Mithridatis,
532 453 738 528 Ariobarzanis
761 453 836 531 iiiii,
855 452 1097 538 dolebamque

166 556 192 617 is
210 553 358 638 pollicitus
375 561 420 623 est
435 551 514 629 regi,
534 569 652 614 seeum
677 549 922 627 interfecturum,
948 550 975 613 si
993 550 1023 614 ai
1040 570 1096 619 rex

165 652 360 733 permitteret,
384 657 428 725 ut,
444 648 652 730 quodcumque
668 647 767 724 veliet,
779 646 882 709 liceret
899 646 1023 729 impune
1041 648 1096 713 i'a·

166 766 245 826 cere3
266 747 413 826 iidemque
430 744 467 821 de
480 764 516 807 ea
530 763 575 821 re,
593 762 675 807 mone
686 742 855 820 Persarum,
875 742 976 807 dextra
987 744 1097 809 dedis·

163 854 211 906 set
230 842 288 925 (l).
305 841 387 904 Hanc
402 852 434 904 ut
456 842 569 924 recepit
593 861 610 903 a
626 859 696 918 rege
713 840 846 916 missam,
871 839 974 921 copias
991 851 1094 923 parat,

166 949 196 1002 et
213 940 320 1002 absens
339 939 498 1001 amicitiam
513 939 712 1003 eumilatame
729 940 811 1018 iacit;
826 939 904 1018 regis
922 939 1096 1021 provincias

165 1046 264 1114 vexat,
285 1038 404 1115 castella
422 1047 586 1117 expugnat,
606 1055 727 1116 magnas
746 1036 871 1118 praedas
889 1035 990 1117 capit:
1012 1055 1095 1118 qua·

162 1153 230 1197 rum
247 1143 358 1216 partem
382 1134 443 1195 suis
458 1126 605 1214 dispertit,
629 1142 743 1215 partem
760 1134 797 1196 ad
815 1133 957 1195 Datamen
976 1133 1091 1212 mittit;

165 1232 229 1314 pari
251 1232 338 1294 modo
363 1231 516 1312 complura
539 1231 660 1294 castella
684 1230 712 1293 ei
741 1230 840 1293 tradit.
864 1228 944 1293 Haeo
960 1227 1014 1291 diu
1039 1229 1094 1292 ia·

63 1341 65 1346 ’
165 1329 271 1392 ciendo
293 1328 438 1409 persuasit
457 1326 572 1389 bomini
595 1346 627 1390 se
642 1327 790 1390 infinitum
809 1327 857 1409 (P)
876 1326 1018 1389 adversus
1036 1345 1095 1391 re·

163 1445 229 1505 gem
255 1426 421 1507 suscepisse
440 1424 569 1499 beilum;
595 1442 661 1486 eum
683 1423 776 1485 nihilo
802 1424 913 1504 tnagis,
940 1441 1091 1505 nequam

163 1524 363 1604 suspicionem
390 1521 433 1582 illi
463 1519 618 1601 praeberet
645 1520 837 1597 insidiarum,
865 1539 962 1600 neque
990 1521 1092 1584 colio-

163 1619 267 1700 quium
282 1616 473 1703 eius-petivit,
490 1615 630 1696 usquein
644 1625 835 1699 conspectum
845 1618 945 1680 venire
958 1616 1088 1682 studuit.

163 1709 212 1774 Sic
230 1711 336 1773 absens
350 1709 510 1771 amicitiam
522 1709 656 1789 gerebat,
675 1718 708 1772 ut
720 1729 781 1772 non
796 1709 948 1772 beneficiis
961 1710 1090 1790 mutuis,

163 1808 215 1871 sed
234 1806 301 1871 odio
320 1805 482 1883 communi,
499 1805 578 1887 quod
598 1825 666 1885 erga
680 1824 781 1884 regem
795 1814 1000 1888 susceperant,
1015 1825 1092 1871 con·

164 1906 252 1969 lineri
273 1905 452 1968 viderentur.

204 2003 252 2066 XI.
270 2003 303 2065 Id
319 2021 385 2065 cnm
406 2001 478 2064 satis
500 2020 531 2064 se
550 2001 739 2063 confirmasse
759 1999 923 2064 arbitratus
941 2009 999 2078 est,
1018 2018 1091 2064 eer-

163 2104 268 2166 tiorem
281 2101 351 2163 iacit
361 2099 516 2175 Datamen,
532 2106 643 2178 temprrs
660 2114 720 2161 esse
730 2099 856 2161 maiores
873 2097 1091 2178 enmmtnopn·

164 2201 242 2277 rori,
262 2208 289 2262 et
308 2198 415 2261 bellam
431 2215 498 2261 cum
510 2212 577 2275 repe
594 2195 715 2275 menapi:
733 2196 769 2259 de
787 2212 846 2275 pua
861 2212 907 2271 rc,
924 2194 952 2256 ei
968 2194 997 2257 ai
1006 2195 1090 2259 oide-

163 2307 260 2374 relrtr,
273 2283 329 2375 qno
347 2296 406 2358 loco
422 2295 505 2357 vellat
521 2295 555 2358 ln
573 2296 750 2376 colloquium
762 2294 885 2355 veniret.
900 2289 1030 2354 Probata
1040 2309 1087 2371 re,

164 2392 350 2473 colloquendi
370 2401 486 2472 tempus
503 2392 643 2469 sumitur,
659 2393 813 2471 locusque,
830 2408 888 2470 quo
908 2387 1089 2451 convenire·

164 2501 223 2554 tur.
244 2488 307 2551 Huc
329 2487 511 2550 Mithridates
534 2507 601 2550 cum
620 2507 693 2565 uno,
709 2487 758 2550 eui
775 2487 931 2548 maximam
956 2483 1090 2549 babebat

164 2587 275 2662 iidem,
302 2594 369 2647 ante
388 2584 499 2665 aliquot
516 2583 579 2646 dies
605 2584 702 2658 venit,
726 2581 987 2664 compluribusque
1011 2581 1089 2644 iocis

164 2684 322 2765 separatim
342 2681 453 2761 gladios
478 2681 589 2757 obruit,
610 2698 704 2762 caque
720 2681 784 2743 loca
808 2680 964 2758 diligenter
988 2685 1085 2741 notat.

165 2781 232 2863 Ipso
253 2788 351 2843 autem
370 2779 556 2859 colloquendi
574 2777 621 2840 die
638 2777 775 2861 utrique,
793 2777 892 2840 iocum
910 2775 961 2857 qui
980 2775 1088 2856 expio·

194 3022 227 3082 (l)
242 3023 314 3080 aegos
340 3023 404 3069 enirn
419 3021 540 3068 Persarum
556 3020 661 3067 dextram
675 3019 730 3067 fidei
745 3023 833 3080 pignus,
850 3020 885 3066 vei
897 3017 1013 3079 praesenti
1027 3029 1088 3063 oon·

161 3090 282 3150 serebant,
297 3091 332 3136 vei
347 3090 438 3143 absenti
452 3100 495 3148 per
508 3085 607 3136 n'uocios
629 3090 763 3146 legatosque
778 3087 917 3147 mittebant,
936 3087 1008 3144 idque
1033 3098 1088 3133 san·

165 3158 290 3203 ettssimum
305 3159 437 3217 sponsionis
452 3168 527 3216 genus
541 3156 645 3202 habitum
661 3157 702 3202 est
717 3155 758 3200 ilie
776 3167 833 3201 vero
844 3154 944 3201 Cornelii
956 3153 1022 3200 iocus
1036 3165 1088 3212 ger·

166 3235 259 3270 manem
285 3224 352 3270 nobis
373 3224 447 3284 aperit
469 3223 667 3280 stgotttconooem
687 3221 752 3270 verbi
767 3222 886 3281 nicodoro,
908 3220 972 3279 quod
987 3222 1028 3266 esi.¹
1043 3221 1088 3267 aii·

166 3290 227 3348 qnid
242 3292 318 3348 alicui,
334 3303 404 3338 mann
420 3290 481 3349 dala,
496 3292 647 3338 committere.

199 3359 229 3418 l2l
244 3360 301 3405 itala
325 3357 373 3404 Una
388 3371 474 3416 querra
489 3359 566 3418 lmta,
586 3359 694 3403 indecisa.
713 3357 750 3402 Sic
765 3357 826 3402 enim
844 3355 1043 3414 interpretandum
1057 3365 1088 3400 ex

166 3427 270 3483 sequiori
284 3427 362 3485 eapite
377 3428 447 3487 patet,
469 3427 511 3474 ubi
526 3427 556 3472 ad
572 3427 659 3473 indutu
681 3424 777 3471 huiusce
792 3423 850 3470 beili
873 3435 922 3471 rem
937 3422 1031 3471 nudem
1045 3422 1088 3470 ds·

167 3493 308 3540 canendam
324 3496 422 3542 maiorer
436 3491 730 3554 exereituseomparandos
744 3493 776 3540 all
790 3484 940 3539 ttttnrtdotcs.
