2452 3938
125 282 166 344 tt
239 349 241 352 ,
514 295 665 341 uusanuun
693 280 698 287 “

124 390 165 452 ita
190 390 319 471 scripta,
346 395 378 450 ut
405 387 527 448 deorum
547 387 596 468 (l)
622 388 774 450 rideretur
795 407 962 468 congruere
981 406 1054 450 seu·

124 487 247 562 tentiae,
268 504 357 567 quam
377 484 427 545 ille
456 502 488 544 se
509 483 692 562 habitururn,
717 483 844 565 pecunia
863 485 971 561 tideus,
993 503 1054 547 nou

123 582 290 644 dubitabat.
310 580 392 643 Hauc
410 579 438 643 ei
461 579 615 661 scripsisse
632 579 721 642 Cleon
741 580 982 644 halicarnasseus
1004 581 1053 643 di·

124 679 200 739 citur
220 677 278 758 (P).

66 766 71 781 ⁸
164 772 213 836 tv.
233 774 330 854 Atque
354 772 410 833 hoa
437 772 502 834 loco
521 791 580 834 noo
601 782 645 834 est
664 774 914 853 praetereundum
939 775 1053 845 lactum

123 869 319 942 Pharnabazi,
346 868 472 948 satrapis
490 869 574 947 regii.
595 868 667 930 Nam
696 888 762 932 cum
781 868 943 951 Lysander,
960 889 1055 952 prae·

121 966 216 1028 lectus
230 965 343 1041 elassis,
362 966 393 1026 in
412 965 490 1027 bello
509 967 602 1028 multa
620 965 778 1028 crudeliter
796 985 943 1048 avareque
962 958 1053 1030 lecis-

123 1073 179 1139 set,
199 1063 295 1143 deque
316 1063 362 1124 his
380 1062 702 1142 rebus-suspicaretur,
730 1063 767 1124 ad
791 1065 870 1126 eires
899 1083 970 1125 suos
988 1083 1055 1127 esse

123 1161 282 1242 perlatum,
302 1158 388 1240 petiit
406 1179 423 1221 a
440 1158 646 1235 Pharnabazo,
673 1168 706 1221 ut
724 1159 760 1221 ad
779 1160 909 1241 ephoros
931 1160 992 1222 sibi
1010 1154 1055 1223 tal

124 1257 298 1319 stimonium
327 1255 423 1333 daret,
451 1267 562 1338 quanta
588 1255 744 1318 sanctitate
766 1256 877 1318 bellum
899 1256 1052 1335 gessisset,

124 1353 282 1434 sociosque
309 1360 479 1429 tractasset,
506 1352 604 1433 deque
633 1372 668 1415 ea
686 1373 718 1416 re
736 1361 874 1415 accurate
892 1352 1056 1418 scriheretz‘

124 1469 262 1528 magnam
273 1449 352 1510 enirn
366 1449 431 1510 eius
448 1450 653 1511 auctoritatem
668 1449 698 1510 in
717 1468 753 1512 ea
770 1469 803 1513 re
820 1451 963 1513 futuram.
977 1448 1054 1514 lluic

125 1545 175 1607 ille
205 1545 368 1607 liberaliter
385 1544 561 1626 pollicetur:
591 1544 701 1608 librum
719 1547 785 1628 (3),
812 1564 930 1626 grauem
949 1548 1053 1611 multis

126 1641 237 1719 verbis,
257 1642 444 1723 conscripsit,
458 1642 487 1703 in
504 1662 563 1724 quo
578 1643 703 1707 suurmis
718 1663 786 1707 eum
803 1643 888 1707 eliert
899 1645 1052 1709 laudibus.

127 1735 222 1810 Quem
239 1758 305 1801 cum
326 1739 444 1818 legisset
462 1740 691 1822 probassetque,
714 1741 785 1803 dum
811 1741 985 1820 obsignatur
999 1744 1054 1806 ἐπὶ·

128 1843 225 1897 terum
244 1837 308 1918 pari
327 1837 542 1914 magnitudine,
556 1844 638 1899 tanta
653 1837 861 1914 similitudine,
877 1846 910 1901 ut
921 1837 1056 1903 discerni

127 1951 186 1994 noo
206 1941 324 2014 posset,
344 1933 490 2012 signatum
509 1934 658 2012 subiecit,
682 1935 711 1996 in
741 1955 800 2016 quo
828 1936 1055 2001 accuratissime

128 2029 193 2091 eius
218 2028 369 2091 auaritiam
394 2030 608 2111 perfidiamque
627 2040 792 2093 accusaret.
811 2029 887 2093 Hinc
904 2030 1056 2113 Lysander

125 2127 246 2188 domum
275 2145 341 2189 eum
361 2127 504 2204 redisset,
524 2137 680 2210 postquam
705 2127 743 2190 de
764 2127 826 2190 suis
849 2128 939 2191 rebus
963 2129 1056 2208 gestis

129 2225 206 2304 apud
228 2216 388 2287 maximum
411 2224 615 2303 magistratum
631 2225 691 2306 (l),
709 2243 787 2306 quae
807 2225 951 2302 voluerat,
975 2225 1056 2289 dixe·

128 2328 188 2396 rat,
208 2321 371 2382 testimonii
389 2322 453 2382 loco
472 2320 593 2397 librum,
608 2339 626 2383 a
644 2320 835 2383 Pharnabazo
858 2322 975 2396 datum,
992 2331 1055 2386 tra·

129 2417 216 2480 didit.
238 2416 334 2496 Hunc,
350 2417 685 2500 summoto'Lysaudro,
709 2438 776 2481 cum
803 2419 907 2500 ephori
926 2437 1054 2500 coguos-

128 2524 206 2593 sent,
227 2516 283 2596 ipsi
302 2515 457 2594 legendum
483 2515 640 2579 dederunt.
661 2516 705 2579 lta
721 2517 773 2580 ille
786 2518 962 2599 imprudens
990 2517 1055 2600 ipse

128 2630 201 2674 suus
218 2612 275 2674 luit
292 2621 456 2674 aecusator.

156 2834 188 2893 ll)
203 2835 364 2893 oraculorum,
381 2847 440 2892 quae
456 2833 522 2882 rasile
538 2835 660 2894 putabata
674 2847 700 2881 se
715 2847 784 2895 posse
799 2837 925 2894 eorrumpi.

158 2903 191 2956 (2)
205 2903 331 2952 Oeettleote
354 2906 418 2950 enim
437 2904 500 2963 apud
516 2905 616 2949 Graecos
637 2902 781 2964 eloquentia,
803 2906 928 2963 postquam
943 2903 1055 2955 leucrates

128 2972 208 3028 eoepit
223 2973 342 3018 orationes
357 2973 500 3032 umbratiles,
515 2971 552 3018 rel
568 2972 619 3016 altis
629 2972 766 3031 recitandas,
782 2984 883 3032 exarare,
896 2973 1055 3031 sophistarum

130 3039 249 3094 quoddam
264 3042 404 3098 provenerat
417 3053 502 3100 genus,
514 3041 554 3098 qui
570 3040 730 3096 eloquentiam
741 3040 814 3086 ueluti
823 3052 853 3086 ex
867 3038 963 3086 officina
973 3041 1055 3088 teudi·

128 3109 212 3151 tarent.

157 3174 188 3229 (ὅ)
204 3173 337 3232 Epistulam
354 3173 410 3220 llhrl
422 3175 485 3221 enlm
498 3175 594 3221 uomina
603 3174 667 3234 apud
676 3177 764 3222 veteres
775 3177 839 3222 vsutt
850 3174 968 3236 quidquid
978 3177 1004 3222 iu
1014 3188 1054 3238 ps·

129 3253 190 3301 pyro
205 3254 246 3286 seu
261 3241 322 3287 libro
332 3240 413 3288 luisset
428 3243 554 3289 exaratum.

160 3308 192 3364 (t)
203 3309 288 3367 Nempe
303 3309 366 3368 apud
382 3309 492 3368 ephoros.
