2452 3938
125 267 186 330 158
511 283 659 330 narniam.

124 382 229 457 cepto,
250 374 380 438 universi
397 393 503 438 rnorem
531 376 674 439 Eumenis
703 375 890 438 adoriuntur.
914 370 1048 449 Quorum

124 471 184 534 uim
203 490 271 534 curn
285 490 337 535 rex
352 472 499 534 sustinere
517 490 577 534 non
592 481 704 554 posset,
722 473 790 551 iuga
808 473 935 535 salutem
951 474 1047 554 petiit;

124 586 213 650 quam
238 579 415 632 consecutus
438 587 498 631 non
521 578 598 632 esset
627 570 684 631 nisi
712 570 790 631 intra
817 588 871 631 sua
900 570 1049 650 praesidia

124 683 157 727 se
177 666 354 746 recepisset,
371 683 448 745 quae
465 666 496 728 in
515 667 649 747 proximo
668 669 765 728 littore
783 675 869 728 erant
891 667 1045 730 collocata.

122 761 267 843 Reliquae
281 780 479 843 pergamenae
494 782 583 825 naves
599 782 666 826 oum
684 763 867 826 aduersarios
879 772 1049 844 premerent

123 859 245 936 aerius,
265 867 387 940 repenle
407 860 437 922 in
456 879 507 923 eas
524 879 593 922 rasa
609 861 730 938 fictilia,
750 861 787 922 de
818 861 928 942 quibus
957 879 1049 943 supra

123 956 306 1017 mentionem
334 956 476 1036 lecimus,
501 958 608 1021 ooniiei
634 967 738 1040 coepta
761 967 841 1020 sunt.
866 955 949 1030 Quae
972 959 1048 1020 iaeta

122 1051 208 1113 initio
222 1051 316 1115 risum
339 1057 552 1135 pugnantibus¹
563 1055 745 1132 excitarunt,
772 1074 890 1136 neque,
908 1074 1001 1137 quare
1018 1055 1047 1117 id

123 1149 223 1227 fieret,
247 1159 363 1231 poterat
384 1153 522 1232 intelligi.
545 1153 708 1235 Postquam
728 1162 827 1216 autem
847 1172 937 1215 naves
965 1170 1049 1215 eom·

122 1247 218 1327 pletas
236 1258 452 1328 conspexerunt
473 1251 679 1331 serpentibus,
713 1269 788 1313 nova
819 1268 850 1312 re
880 1249 1048 1331 perterriti,

122 1345 279 1425 numquid
297 1346 485 1425 potissimum
509 1347 635 1410 vitarent
663 1366 723 1410 non
758 1347 921 1424 viderent,
935 1363 1050 1427 puppes

123 1449 303 1520 auerterunt,
324 1461 416 1524 seque
435 1445 471 1506 ad
490 1464 545 1508 sua
563 1453 658 1506 eastra
670 1445 790 1507 nautica
803 1445 849 1527 (l)
870 1446 1047 1507 retulerunt.

124 1535 172 1599 Sic
190 1537 339 1601 Hannibal
359 1541 483 1603 oonsilio
507 1559 589 1603 arma
610 1541 864 1620 Pergamenorum
881 1540 1046 1621 superavit:

123 1655 222 1716 neque
241 1644 304 1698 turn
324 1636 444 1712 solum,
463 1638 516 1700 sed
534 1657 623 1720 saepe
642 1639 728 1716 alias,
745 1638 934 1720 pedestribus
954 1637 1048 1719 oopiis

124 1735 189 1816 pari
207 1734 366 1815 prudentia
384 1736 499 1817 pepulit
517 1736 712 1799 adversarios.

165 1832 228 1895 llll.
249 1829 331 1903 Quae
358 1833 428 1895 dum
457 1835 489 1894 in
507 1834 577 1899 Asia
594 1845 756 1912 geruntur,
776 1832 884 1895 accidit
906 1851 999 1909 casu,
1019 1839 1051 1895 ut

124 1932 213 2011 legati
230 1929 355 1992 Prusiae
371 1929 484 1994 Romae
501 1932 581 2012 apud
602 1929 727 1993 Lucium
746 1927 918 2001 Quinotium
942 1929 1051 1992 Flami·

124 2031 242 2106 ninum,
255 2029 442 2091 consularem
456 2036 633 2105 coenarent,
652 2036 742 2108 atque
756 2027 811 2105 ibi,
829 2027 866 2088 de
884 2026 1051 2089 Hannibale

125 2127 278 2190 mentione
303 2127 393 2203 laeta,
412 2125 511 2188 erbis
540 2145 617 2209 nnus
636 2124 758 2201 diceret,
781 2143 849 2185 eum
874 2123 906 2185 in
928 2123 1051 2187 Prusiae

124 2242 216 2303 regno
237 2241 313 2286 esse.
341 2221 374 2285 ld
392 2231 511 2304 postero
533 2223 582 2286 die
606 2220 791 2284 Flamininus
818 2220 936 2283 senatui
968 2220 1051 2284 detu-

125 2323 171 2386 lit.
189 2321 293 2384 Patres
310 2321 490 2403 conscripti,
509 2321 577 2402 qui,
596 2320 763 2384 Hannibale
792 2318 876 2394 uiro,
896 2335 1050 2399 nunquam

125 2440 158 2484 se
180 2422 245 2483 sine
265 2419 381 2481 insidiis
398 2419 514 2481 loturos
532 2417 751 2494 existimabant,
772 2417 884 2495 legatos
899 2415 930 2476 in
947 2415 1050 2496 Bitbp·

126 2517 208 2578 niam
227 2518 391 2594 miseruot3
410 2518 440 2576 in
459 2515 506 2576 bis
524 2514 748 2588 Flamininum,
771 2513 822 2593 qui
841 2531 858 2574 a
881 2528 950 2589 rege
970 2520 1052 2592 pete·

127 2624 206 2692 rent,
228 2632 266 2676 ne
287 2613 528 2674 inimicissimum
549 2631 635 2675 suum
652 2629 753 2673 secum
777 2609 911 2683 heberet,
933 2609 1052 2690 sibique

118 2713 261 2776 dederet.
287 2711 339 2773 His
357 2709 478 2772 Prusias
497 2727 605 2787 negare
625 2726 714 2769 ausus
734 2726 794 2768 non
817 2716 872 2768 est.
901 2705 979 2767 Illud
1000 2724 1051 2768 re·

129 2810 253 2885 ousavit,
272 2827 310 2871 ne
332 2809 399 2870 ida
426 2826 458 2870 se
476 2807 541 2869 lieri
569 2805 773 2886 postularent,
803 2801 880 2883 quod
910 2801 1052 2864 adversm

127 2908 176 2971 ius
194 2907 315 2989 hospitii
328 2905 376 2987 (P)
394 2913 488 2968 esset:
513 2904 582 2985 ipsi,
602 2902 626 2964 si
645 2910 782 2983 possent,
810 2898 1052 2981 comprehende·

128 3014 213 3084 rent;
230 3006 327 3067 locum
341 3049 350 3081 ,
373 3002 425 3065 ubi
452 3011 547 3080 esset,
572 3000 658 3063 laeile
689 2999 871 3060 inventuros.
902 2994 1050 3056 Hannibal

128 3105 208 3164 enim
228 3123 287 3165 uno
303 3103 367 3164 loco
391 3121 422 3164 se
440 3101 560 3164 tenebat
578 3101 608 3162 in
628 3098 760 3174 castello,
782 3095 859 3176 quod
878 3095 908 3157 el
924 3093 963 3155 ab
982 3109 1052 3170 rege

160 3293 190 3351 (l)
207 3293 239 3338 cl.
255 3295 334 3341 adnot.
347 3296 376 3341 ad
392 3295 500 3342 llelblad.
515 3294 565 3340 rnl.

159 3363 190 3421 (2)
207 3364 273 3421 Apud
286 3364 385 3409 Graecos
405 3365 466 3409 enim
482 3364 505 3409 et
520 3362 632 3407 barbaros
648 3360 753 3406 omnium
771 3354 937 3404 sanetisslmum
954 3349 1055 3409 bospllll

129 3436 166 3482 ius
181 3432 325 3488 babebatum
342 3433 427 3490 Iupiter
443 3433 520 3477 nutem
536 3431 656 3490 hospitalis
672 3431 696 3474 in
712 3440 753 3474 eos
770 3425 890 3472 vindicare
905 3420 1055 3481 credebatur,

133 3504 175 3562 qul
191 3501 294 3559 hospites
312 3500 440 3546 laesissent.
