2452 3938
182 287 242 352 lod
438 303 522 349 rurus
539 304 702 350 ronroums
716 304 837 350 urricus

180 410 247 462 rent
257 400 317 481 (l);
326 416 443 480 semper
453 416 485 459 se
498 397 686 477 interposuit,
702 405 790 479 atque
802 399 856 474 ita,
870 405 902 459 ut
919 415 1017 480 neque
1027 415 1099 460 usu·

178 514 243 558 ram
262 514 392 577 unquam
408 494 445 556 ah
460 493 498 555 iis
512 494 669 574 acceperit,
689 513 787 575 neque
805 495 934 573 lougius,
951 514 1040 576 quam
1056 480 1101 557 diss

179 601 259 655 ctum
269 601 358 668 esset,
367 611 418 654 eos
428 590 535 652 debere
543 608 647 671 passus
656 590 760 672 sit(2).
772 588 855 662 Quod
864 599 1025 672 utrumque
1036 600 1100 653 erat

82 709 86 715 ’
177 689 216 752 iis
233 691 371 752 salutare.
390 686 462 749 Nam
482 706 579 769 neque
606 687 786 775 indulgendo
811 688 1027 750 inveterascere
1049 706 1101 750 eo·

179 803 246 848 rum
258 784 457 847 aesalienum
467 784 647 864 patiebatur,
663 802 763 865 neque
782 783 1013 864 multiplicandis
1027 803 1100 846 usu·

178 881 220 943 ris
234 899 368 943 crescere
383 881 442 963 (3).
462 880 550 955 Auxit
568 880 624 942 boc
643 880 770 942 officium
792 880 851 942 alia
873 898 992 963 quoque
1020 881 1098 944 libc-

178 977 306 1040 ralitate.
327 976 401 1040 Nam
424 978 578 1040 uniuersos
596 978 745 1039 frumento
768 978 909 1054 donarit3
926 979 967 1039 ita
983 986 1017 1039 ut
1033 979 1099 1040 sin·

179 1075 257 1154 gulis
275 1082 389 1154 septem
407 1075 499 1137 modii
522 1073 611 1137 tritici
632 1075 790 1150 darentur,
815 1074 866 1155 qui
884 1075 989 1136 modus
1011 1092 1098 1136 men·

179 1189 266 1234 surae
286 1172 454 1234 medimnus
467 1172 514 1253 (l)
528 1162 652 1233 Athenis
670 1171 845 1252 appellatur.

221 1267 273 1330 lll.
292 1267 345 1331 llic
364 1278 462 1332 antem
486 1270 529 1330 sic
551 1287 583 1330 se
600 1267 733 1346 gerebat,
752 1275 786 1330 ut
804 1261 970 1330 communis
983 1268 1030 1349 (5)
1047 1268 1098 1330 in-

177 1364 255 1427 limis
266 1411 275 1443 ,
295 1385 349 1446 par
374 1364 559 1446 principibus
585 1365 733 1426 rideretur
750 1364 810 1447 (d).
830 1363 893 1436 Quo
912 1365 1021 1426 lactum
1040 1373 1096 1442 est,

179 1469 212 1523 nt
227 1461 296 1523 huic
316 1481 419 1523 omnes
441 1460 586 1536 bonores,
605 1479 680 1543 quos
699 1468 840 1541 possent,
864 1461 983 1541 publice
1001 1461 1097 1523 habe·
1154 1463 1157 1466 ’

181 1566 259 1634 rent,
279 1558 432 1638 civemque
450 1558 547 1618 lacere
564 1556 728 1618 studerent.
746 1555 809 1628 Quo
828 1557 972 1619 beneficio
987 1557 1040 1639 ille
1052 1559 1096 1619 uti

177 1654 290 1716 noluit:
312 1655 390 1735 qnod
410 1653 545 1715 nonnulli
570 1653 612 1715 ita
635 1653 884 1735 interpretantur,
908 1654 1003 1716 amitti
1022 1655 1097 1716 civi-

179 1758 267 1812 tatem
288 1769 441 1812 romanam
461 1750 518 1812 ulia
536 1750 659 1812 adscita.
687 1749 833 1822 Quamdiu
858 1751 953 1828 alluit,
977 1770 1014 1813 ne
1037 1770 1096 1833 qua

181 1846 238 1909 sibi
267 1854 363 1910 statua
384 1857 555 1929 poneretur,
576 1848 704 1923 restitit;
724 1847 831 1910 absens
852 1846 1096 1929 probiberenon

177 1946 284 2028 potuit.
305 1944 407 2026 ltaque
425 1945 538 2026 aliquot
556 1945 614 2026 ipsi
635 1953 664 2007 et
684 1943 776 2006 Piliae
785 1945 832 2025 (l)
851 1944 922 2006 locis
941 1945 1096 2007 sanctissi-

178 2042 234 2106 mis
252 2050 430 2123 posueruut.¹
446 2040 531 2103 Hunc
547 2042 626 2104 enim
646 2041 677 2102 in
699 2041 780 2103 omni
799 2040 1007 2122 procuratione
1034 2041 1097 2102 rei·
1120 2067 1122 2070 ·

177 2138 314 2220 publicae
332 2148 462 2201 actorem
481 2146 691 2219 auctoremque
702 2137 749 2218 (8)
761 2137 922 2200 habebant.
938 2136 1030 2215 igitur
1041 2137 1099 2218 pri·

177 2253 259 2297 mum
279 2235 351 2296 illud
363 2235 410 2315 (9)
430 2253 537 2296 munus
556 2233 702 2310 fortunae,
717 2234 795 2314 quod
813 2234 844 2295 iu
859 2251 894 2295 ea
909 2232 1096 2314 potissimum

209 2376 240 2436 tt)
258 2378 355 2435 Propter
366 2375 542 2422 foeneratorum
554 2376 713 2435 rapacitatem.

209 2445 239 2506 (2)
254 2447 304 2492 Non
320 2447 381 2491 enim
396 2443 522 2491 liberalitas
537 2442 678 2501 negligentia
688 2445 723 2490 est
737 2442 846 2503 propriae
861 2441 896 2487 rei
909 2440 1040 2499 familiaris,
1055 2443 1097 2490 sed

177 2525 233 2560 cum
246 2513 336 2560 ludiclo
351 2514 440 2572 optima
454 2511 484 2557 ad
499 2512 676 2557 beneficentiam
687 2522 764 2556 usura

206 2580 239 2639 (a)
254 2581 297 2627 lies
309 2581 395 2640 haeret,
407 2575 427 2626 'sl
442 2580 501 2625 baec
516 2591 569 2625 cum
584 2579 744 2644 superioribus
759 2577 864 2624 conteras
879 2583 986 2636 rutaeque
1000 2593 1096 2626 usurum

117 2674 120 2682 ·
179 2662 283 2708 unquam
297 2650 341 2695 etc.
356 2648 413 2694 Hinc
433 2650 502 2707 recte,
515 2649 566 2708 qui,
582 2659 625 2708 pro
637 2659 746 2705 unquam,
766 2649 871 2704 iniquom
887 2646 1036 2693 scribendum
1047 2660 1097 2696 essa

179 2716 329 2763 contendunt.
589 2719 596 2732 ⁶

208 2786 239 2846 (i)
253 2784 382 2831 ldedlmnus
395 2797 435 2832 sex
449 2782 539 2831 modios
554 2781 694 2839 continebat,
707 2781 763 2828 binc
774 2794 817 2841 pro
830 2785 914 2838 septem
928 2780 1098 2828 emendandum

81 2894 85 2904 ,
178 2865 220 2899 terr
227 2853 316 2913 putant

210 2921 239 2979 (5)
255 2920 315 2967 ital:
328 2920 448 2979 populare.

210 2989 240 3046 (6)
256 2989 319 3034 lurta
334 2987 392 3034 illud
411 2987 562 3047 proverbium
582 2985 702 3032 italorum:
715 2997 747 3030 ua
765 2997 816 3030 cero
831 2996 846 3028 o
859 2983 947 3028 Sutorio
959 2982 1064 3041 attulero
1082 2997 1098 3030 ι

179 3056 405 3180 S'tbwlbdfebabent
419 3122 523 3179 Pbtdr'oc,
534 3120 576 3167 sed
585 3120 709 3178 legendum
721 3118 833 3178 velfiltoa
845 3127 915 3175 quam
930 3128 1019 3175 revera,
1030 3119 1096 3164 Poru-

180 3192 274 3248 poniam
292 3190 396 3248 nomine,
411 3191 521 3248 agrippae
535 3188 672 3246 collocavit,
685 3187 810 3246 velPa'tr'ue,
819 3195 879 3243 quae
888 3181 934 3228 fuit
945 3185 1013 3230 Attici
1027 3195 1099 3246 uxor3

114 3282 117 3286 -
180 3255 245 3314 quod
260 3255 316 3300 mibi
331 3255 448 3314 probatur.

211 3324 310 3379 (Stltulc
326 3323 408 3367 Potclrt
418 3325 491 3366 eostur
509 3324 534 3365 a'u
551 3325 605 3380 oona·
623 3326 715 3378 nepozto
731 3322 761 3367 do
775 3319 889 3366 contium
900 3318 962 3361 scrut
981 3317 1004 3361 lu
1016 3317 1100 3374 repud·

180 3390 240 3435 blico
252 3390 287 3434 col
297 3391 406 3445 cousiptio
421 3388 576 3444 ccoll’opero.

212 3459 243 3517 (9)
258 3456 363 3503 subaudi
377 3458 427 3513 tuit.
442 3454 506 3500 llisoe
521 3456 583 3501 euim
596 3457 701 3513 primum
716 3453 776 3500 illud
787 3465 870 3498 munus
885 3451 1100 3506 sermunculum.

182 3525 299 3572 “tondent
313 3523 353 3570 illa
365 3524 407 3570 boc
417 3525 528 3582 monimen
539 3524 676 3581 prudentior
696 3524 740 3568 etc.
