2452 3938
137 271 198 334 llo
521 285 681 332 sensimus

136 380 222 462 sequi
233 378 470 461 uoluissent(l)!
486 375 544 445 seu
555 378 627 442 illua
637 378 808 442 redeamus.
821 377 977 457 Agesilaus
991 395 1074 463 opu·

135 475 302 540 lentissimo
329 494 421 555 regno
451 475 630 557 praeposuit
650 475 760 538 bonam
792 472 1067 555 existimationem,

137 573 293 655 multoque
310 571 469 651 gloriosius
488 571 587 647 duxit,
604 571 630 634 si
647 570 792 634 institutis
814 571 930 653 patriae
946 573 1070 654 paruis·

138 679 196 748 set,
217 688 307 751 quam
325 670 351 730 si
365 668 444 731 bello
463 677 636 751 superasset
651 668 766 735 Asiam.
782 667 844 731 Hac
858 665 950 748 igitur
964 678 1069 734 mento

136 765 362 848 Hellespontum
386 766 487 846 copias
505 764 638 846 traiecit;
659 773 801 847 tantaque
825 784 897 829 usus
918 775 964 851 est
981 767 1067 832 cele·

136 864 242 941 ritate,
261 871 316 940 ut,
334 863 414 944 quod
432 863 490 926 iter
505 862 616 926 Xerxes
633 881 715 926 anuo
731 870 864 926 vertente
878 864 1064 944 coniecerat,

136 961 185 1023 hio
204 960 355 1022 transierit
374 961 494 1040 triginta
508 961 625 1023 diebus.
642 959 715 1023 Cum
733 961 793 1023 iam
813 960 892 1038 haud
909 961 953 1023 ita
976 961 1067 1042 longe

135 1056 255 1120 abesset
276 1076 294 1119 a
311 1057 537 1139 Peloponneso,
554 1057 703 1120 obsistere
717 1057 747 1120 oi
765 1058 864 1120 conati
882 1064 952 1120 suut
968 1057 1067 1139 Athe-

136 1155 256 1218 nienses
271 1164 302 1219 et
323 1154 458 1233 Boeotii,
477 1156 629 1236 ceterique
646 1172 750 1218 eorum
769 1155 844 1218 socii
862 1155 942 1236 apud
969 1154 1064 1235 Coro·

56 1322 70 1355 ⁸
88 1313 128 1356 395
136 1271 222 1316 neam
232 1254 292 1336 (2);
313 1273 388 1336 quos
403 1272 511 1317 omnes
528 1253 609 1332 gravi
627 1253 739 1334 proelio
758 1253 840 1316 vicit.
853 1253 949 1316 Huius
966 1254 1064 1317 vieto-

74 1345 79 1356 '
134 1350 198 1413 riae
216 1351 261 1413 vel
280 1353 409 1413 maxima
435 1352 492 1413 luit
523 1351 612 1426 laus,
632 1349 730 1430 quod,
762 1367 830 1412 oum
862 1349 1063 1432 plerique-ex

134 1449 203 1527 luga
214 1468 246 1511 se
258 1448 291 1510 in
302 1449 446 1529 templum
460 1446 608 1508 Minervae
623 1446 821 1509 coniecissent
829 1493 837 1524 ,
855 1457 1064 1532 quaereretur·

134 1564 193 1626 que
207 1545 244 1607 ab
262 1563 298 1607 eo
317 1544 390 1625 quid
406 1545 452 1604 his
470 1543 536 1605 lieri
554 1543 657 1620 vellet,
676 1543 732 1604 etsi
747 1543 861 1625 aliquot
874 1546 1064 1611 vulneratae·

134 1650 254 1723 ceperat
272 1659 307 1703 eo
325 1641 503 1723 proelio,et
519 1640 612 1701 iratus
644 1639 802 1702 videbatur
832 1642 991 1721 omnibns,
1010 1644 1062 1727 qui

135 1739 277 1801 adversus
294 1756 377 1800 arma
395 1739 539 1816 tulerant,
570 1744 670 1802 tamen
696 1738 835 1799 antetulit
852 1738 915 1802 irae
938 1742 1063 1821 religio-

134 1854 224 1913 nem,
244 1844 274 1899 et
292 1856 343 1899 eos
361 1835 456 1898 vetuit
477 1836 594 1898 violari.
612 1836 715 1918 Neque
735 1835 791 1897 hoo
804 1836 901 1898 solum
921 1837 953 1900 in
972 1838 1064 1904 Grae-

135 1934 181 1997 oia
197 1934 287 2012 lecit,
303 1943 338 1996 ut
355 1933 466 2014 templa
483 1931 612 1996 Deorum
631 1943 734 1996 saneta
751 1931 886 2010 haberet,
900 1935 952 1997 sed
971 1938 1062 2002 etiam

135 2033 213 2114 apud
228 2019 371 2095 barbaros
393 2048 511 2093 summa
525 2031 669 2110 religione
687 2031 790 2092 omnia
806 2030 966 2096 simulacra
980 2053 1063 2098 aras·

134 2150 193 2212 qne
211 2130 407 2193 conservavit.
426 2129 530 2210 ltaque
549 2128 751 2210 praedicabat,
770 2129 882 2192 mirari
892 2146 923 2192 oe
939 2144 1003 2195 teon
1015 2151 1063 2197 sa-

134 2229 313 2310 crileporum
328 2228 654 2306 nummicolarum
675 2227 853 2308 supplicibus
878 2245 983 2292 eorum
1003 2249 1063 2295 uo·

133 2327 272 2402 causent,
293 2334 345 2388 out
362 2343 425 2388 uois
441 2325 630 2406 pravioribus
644 2326 750 2404 poeuis
766 2325 854 2405 offici,
870 2327 923 2404 put
935 2328 1074 2412 raupta-J

133 2439 201 2484 uem
214 2424 395 2499 minuerent,
416 2439 506 2501 quom
524 2422 576 2500 qui
594 2422 671 2502 fauo
687 2421 860 2502 spoliarent.
1057 2438 1060 2443 ·

141 2500 149 2514 ’
176 2517 213 2580 ll.
232 2518 302 2580 Post
325 2519 493 2599 proelium,
511 2517 650 2580 collatum
668 2529 713 2580 est
730 2537 818 2587 omne
848 2518 960 2583 bellum
978 2521 1063 2587 oiroa

133 2616 308 2682 Corinthum
329 2615 389 2696 (3);
421 2615 551 2696 ideoque
576 2614 756 2677 corinthium
786 2624 832 2679 est
860 2609 1059 2699 appellatum.
1098 2652 1102 2660 ·

133 2714 189 2778 llio
205 2733 274 2778 oum
301 2732 361 2776 una
383 2731 483 2794 pugna
507 2712 610 2776 decem
643 2712 738 2775 millia
761 2712 905 2793 hostium,
923 2714 1062 2796 Agesilao

57 2576 78 2611 a.
88 2567 126 2610 391

162 2919 194 2975 (ll
209 2920 341 2977 Numquam
353 2919 415 2966 enlm
427 2919 626 2978 exarcum-qnos
641 2917 810 2977 Mariuasylla,
825 2915 955 2974 Pomponis,
970 2913 1062 2976 cusat,

72 3003 74 3006 ·
132 2987 246 3035 antonius
260 2989 284 3033 et
295 2988 427 3047 postremus
437 2987 554 3046 Octavius,
570 2984 689 3032 duotando
699 2986 782 3030 eontra
793 2983 887 3029 senatus
902 2980 1005 3042 decreta,
1014 2984 1065 3043 prl-

134 3054 200 3102 vatoo
219 3055 394 3114 quodammodo
408 3054 511 3103 lecerunt
519 3088 526 3116 ,
540 3057 564 3101 ln
579 3053 737 3100 inservitum
752 3064 800 3099 rem
816 3052 973 3098 Romanorum
985 3050 1066 3110 publi·

132 3135 184 3175 eam
199 3126 362 3171 coniecissent.

163 3188 194 3246 (2)
209 3190 318 3237 Boeotiae
332 3191 416 3238 urbam
431 3190 494 3236 haud
505 3191 614 3250 procula
631 3189 705 3248 (topai
718 3187 781 3244 laon,
794 3186 824 3232 ad
839 3184 959 3244 Lybetbril
974 3186 1065 3234 monus

134 3257 232 3304 radices.

162 3323 196 3380 (ὅ)
208 3322 360 3369 Athenienses
377 3324 485 3371 auctores
494 3323 620 3370 corinthiis
635 3321 734 3381 inerant,
748 3320 774 3366 ut
789 3333 829 3366 eos
841 3331 871 3365 ex
886 3318 946 3365 urbe
961 3318 1066 3379 expello·

134 3393 197 3450 rent,
207 3391 250 3449 qul
262 3403 276 3437 o
286 3392 454 3451 Spartanorum
476 3393 555 3440 essent
569 3391 677 3445 lectione
692 3391 798 3450 Spartani
812 3387 900 3434 bouum
916 3399 959 3446 pro
974 3388 1002 3432 ils
1021 3398 1064 3433 an-

133 3470 236 3507 soeoare:
248 3460 331 3516 itaquo
345 3459 395 3504 tota
406 3459 502 3504 Graeola
517 3459 564 3504 hoo
578 3459 688 3505 lucendio
703 3457 863 3523 oonssqgravtt,
879 3453 955 3501 donee
971 3465 1017 3515 pax
1027 3463 1078 3526 osa¹

234 3527 269 3587 o,
284 3527 323 3573 eul
336 3525 368 3572 ab
381 3525 504 3573 inuictos
516 3526 612 3573 auotore
627 3525 761 3574 factumest
776 3533 872 3571 nomen.
