2452 3938
482 260 698 306 rnnursrocnas
1008 249 1050 313 33

127 377 215 424 xerxe
233 357 370 434 donatus,
386 355 535 436 inhsiam
548 355 595 436 (i)
614 355 712 433 rediit,
731 355 974 440 domiciliumque
988 357 1047 422 bla-

126 457 247 536 gnesiae
265 455 312 536 (2)
331 453 388 516 sibi
407 452 570 516 constituit.
591 451 721 534 Namque
740 454 815 516 hanc
833 455 936 517 urbem
956 456 983 516 ei
995 475 1046 518 rex

124 554 297 630 donaverat,
309 552 354 613 bis
369 569 441 613 usus
452 551 561 628 verbis,
577 567 650 629 qttoc
660 552 688 613 ei
700 568 808 630 portem
819 554 970 631 praeberet
983 554 1043 635 (3);

126 671 162 714 ex
176 670 236 731 qua
253 651 374 729 regione
397 648 611 729 quinquaginta
641 648 669 709 ei
693 648 801 710 talenta
821 650 867 730 (i)
887 652 1044 731 quotannis

123 747 273 811 redibant:
292 745 486 826 Lampsacum
503 746 564 826 (5),
578 744 656 807 unde
675 745 1045 827 rinumsumere13Mpun·

126 854 185 908 tem
206 844 267 926 (6),
288 863 322 906 en
337 862 394 924 qna
414 842 570 904 obsonium
595 841 728 904 haberet.
749 842 843 906 Huius
861 844 897 905 ad
912 855 1042 908 nostram

124 941 498 1004 memoriammonnmenta
510 948 681 1001 manserunt
693 940 763 1018 dno;
776 942 944 1021 sepulcrum
953 961 1044 1025 prope

123 1038 266 1120 oppidum
283 1037 342 1118 (i),
362 1037 393 1098 in
412 1056 470 1118 quo
490 1045 534 1098 est
551 1038 696 1117 sepultum
716 1046 831 1099 statuae
850 1039 880 1099 in
898 1040 962 1102 loro
980 1039 1043 1102 itia-

123 1136 256 1215 gnosiae.
286 1134 328 1197 lle
346 1134 430 1197 cuius
452 1143 545 1197 morte
573 1133 756 1196 multimodis
785 1134 862 1215 apud
887 1137 1043 1219 plerosque

123 1235 265 1314 scriptum
284 1241 341 1310 est,
356 1233 407 1296 sed
419 1252 473 1294 nos
488 1231 624 1294 eumdem
641 1231 826 1312 potissimum
844 1232 1042 1314 Thucydidem

124 1316 274 1394 auctorem
302 1331 486 1412 probamur,
512 1330 562 1410 qui
582 1329 665 1389 illum
696 1329 737 1390 ait
755 1327 920 1408 Magnesiae
939 1332 1042 1396 morbo

125 1436 295 1489 mortuum:
315 1447 412 1509 neque
436 1435 523 1506 nogat
551 1427 642 1488 inisse
659 1426 792 1504 famam,
822 1446 969 1490 venenum
987 1448 1041 1491 sua

123 1534 227 1605 sponte
245 1525 418 1604 sumpsisse,
435 1544 501 1587 curn
520 1545 563 1601 se,
577 1544 653 1607 quae
667 1525 727 1604 regi
744 1526 780 1587 de
798 1524 920 1589 Graecia
938 1529 1041 1609 oppri-

125 1621 230 1683 menda
244 1614 393 1702 pollicitus
409 1631 496 1699 esset,
513 1632 665 1703 praestare
682 1642 768 1704 posse
785 1623 954 1704 desperaret
978 1626 1036 1706 (8).

123 1716 201 1780 ldem
221 1737 288 1781 ossa
305 1719 369 1781 eius
388 1721 462 1783 clam
482 1721 512 1781 in
531 1719 628 1782 Attica
654 1720 691 1782 ab
711 1721 814 1783 amicis
829 1740 893 1784 esse
912 1725 1121 1803 sepulta„‚4ssg

125 1815 260 1895 qnoniam
284 1816 397 1894 legibus
423 1837 483 1886 non
509 1819 736 1897 concederetur,
761 1819 839 1899 quod
867 1820 1041 1901 proditionis

123 1922 198 1974 esset
213 1913 381 1990 damnatus,
400 1916 561 1978 memoriae
579 1896 719 1996 prodidit.

151 2138 180 2196 tt)
197 2140 311 2186 Minorem
328 2144 438 2204 intellige,
453 2147 485 2190 eis
500 2146 603 2190 montem
618 2146 727 2191 Taurum.

149 2204 180 2266 (2)
196 2208 253 2254 llrbs
266 2209 311 2254 full
322 2210 439 2258 loniorum
455 2214 479 2258 in
495 2214 569 2258 Caria.

150 2274 183 2329 (5)
194 2275 253 2321 irat:
268 2276 312 2320 Gon
321 2283 394 2334 questi
405 2283 512 2324 termini:
524 2280 572 2326 che
587 2279 618 2338 gli
631 2280 726 2325 servisse
743 2280 781 2340 pel
796 2291 865 2338 pane.

152 2343 183 2399 lli
192 2343 279 2389 'Ferme
293 2344 390 2401 275,Μο
400 2348 502 2401 franchi.

151 2409 182 2468 (tl
198 2410 256 2457 Urbe
277 2413 361 2471 Mysiae
375 2414 418 2461 luit
438 2419 519 2462 contra
539 2416 707 2462 Chersonesum
728 2416 854 2477 thraciam,
875 2418 1041 2464 recenlioribus

124 2481 204 2526 eodem
219 2479 291 2527 ferme
307 2485 402 2530 nomine
417 2486 530 2530 mnsam.

150 2550 181 2607 (li)
197 2549 281 2596 Urbem
296 2550 413 2598 iuniorum
425 2555 448 2599 in
460 2555 532 2600 daria
547 2553 609 2598 baud
623 2553 693 2610 longe
708 2553 739 2599 nb
754 2555 812 2600 ostio
829 2555 939 2601 hleandri.

153 2617 184 2674 (7)
198 2616 244 2661 lam
260 2616 361 2664 vidimus
382 2623 513 2666 Cornelium
528 2622 589 2667 hanc
611 2633 690 2666 rocem
706 2622 774 2667 etiam
789 2620 819 2667 dc
838 2624 926 2680 magnis
940 2621 1040 2668 urbibus

123 2696 247 2743 usurpare;
260 2683 299 2729 hic
310 2685 409 2732 Athenas
424 2688 535 2748 intellige,
545 2690 565 2734 si
580 2689 673 2746 quidem
686 2689 812 2734 Pausaniae
821 2688 880 2735 fides
891 2689 999 2735 habenda
1009 2690 1038 2736 de

123 2750 281 2797 Themistoclis
295 2753 410 2814 sepulcro,
426 2755 490 2811 quod
504 2756 568 2802 iuxta
588 2757 708 2802 Piraeeum
724 2755 760 2802 vel
775 2758 850 2803 aelate
869 2769 912 2802 sua
927 2760 1039 2807 ersliiisse

122 2821 198 2866 narrat
214 2819 271 2878 (itt.
284 2819 294 2864 l
305 2819 321 2878 l.

150 2888 181 2943 (8)
190 2886 230 2932 Est
239 2888 357 2943 quoddam
373 2889 536 2937 historicorum
547 2903 629 2952 genus,
647 2893 843 2950 quemadmodum
858 2895 1039 2945 Guicciardinius

122 2953 144 2998 et
157 2953 343 3000 hlaccblereltius
357 2957 437 3003 seculo
458 2969 495 3004 rvr
521 2959 584 3018 apud
598 2972 653 3020 nos,
673 2961 715 3016 qui
726 2960 819 3016 erebus
833 2963 956 3009 narrandis
970 2967 1039 3012 unice

121 3022 210 3083 intenti,
226 3022 318 3069 virtutis
332 3023 374 3069 aut
389 3024 436 3069 vitii
446 3026 580 3085 spectaculo
593 3031 829 3086 noncommorentuq
838 3030 928 3087 quoties
942 3043 999 3078 vero
1014 3035 1039 3080 in

121 3099 197 3135 rernm
213 3100 306 3135 caussas
315 3090 445 3152 inquirunt,
458 3105 496 3138 eas
511 3094 541 3139 ad
551 3094 666 3140 humanae
682 3096 779 3141 naturae
790 3096 935 3159 pravitatem,
949 3101 1039 3161 potius·

123 3166 190 3212 qnam
205 3155 235 3201 ad
249 3158 356 3204 virtutem
368 3157 454 3206 reterre
465 3163 586 3215 conantur.
598 3162 647 3208 lior
662 3162 779 3208 interdum
795 3165 852 3210 vilio
866 3167 937 3213 etlam
952 3172 1038 3216 corne·

122 3221 165 3268 lius
179 3222 279 3270 laborat
295 3226 369 3282 Quam
381 3225 463 3285 frigide
477 3231 548 3273 immo
557 3227 726 3277 dissimulanter
740 3231 867 3279 Leonidam
877 3237 1039 3296 trecentosque

124 3290 245 3347 Spartanos
268 3293 311 3336 rim
333 3291 434 3340 hostium
456 3297 552 3341 minime
576 3297 713 3344 sustinuisse
728 3301 807 3345 narrat
822 3301 897 3358 (Mill.
912 3303 939 3349 ni
949 3308 964 3358 t.
978 3317 1039 3362 quos

124 3355 198 3401 lamen
209 3355 311 3404 lustinus
326 3359 358 3404 ait
369 3361 410 3420 tri,
426 3360 450 3406 ll
466 3360 486 3422 l,
502 3374 549 3407 nou
561 3364 640 3425 victos,
656 3365 696 3412 sed
711 3366 827 3412 vincendo
842 3367 964 3425 turgatost
976 3375 1039 3418 hune

123 3422 242 3469 subdolam
257 3423 418 3473 Themistoclis
434 3430 456 3473 in
472 3429 571 3488 epistola
591 3430 620 3477 ad
634 3435 776 3480 Artaxerxem
792 3437 858 3495 (cap.
873 3443 913 3494 rr)
928 3437 1039 3486 nutritiam

125 3491 201 3538 notat?
215 3490 259 3538 Hic
273 3493 366 3540 demum
383 3497 489 3543 timidum
504 3498 658 3559 eumdemque
676 3502 773 3561 impium
786 3503 853 3550 noble
863 3503 1042 3554 Themistoclem

179 3707 315 3772 Cornelii
331 3711 409 3792 Nep.
956 3713 984 3773 ‘b
