2452 3938
207 264 249 328 66
623 286 718 335 conon

205 371 454 455 aTissapherne,
476 376 528 457 qui
555 395 591 439 cx
614 378 728 442 intimis
750 381 827 460 ragis
857 381 894 446 ab
918 384 1051 451 amicitia
1072 390 1138 456 eius

205 468 367 548 deiecerat,-
379 481 485 534 etcum
501 472 746 539 Lacedaemoniis
763 477 874 542 coierat
890 482 1063 549 societatem
1074 485 1136 571 (l),

205 565 286 628 hunc
306 567 446 630 adversus
464 569 673 634 Pharnabazus
701 572 819 637 habitus
842 586 887 639 est
909 576 1085 660 imperator:
1103 599 1140 648 re

205 662 326 744 quidem
346 683 414 727 vera
432 667 576 729 exercitui
600 668 728 749 praefuit
745 670 867 751 Conon,
883 674 1010 758 eiusque
1034 681 1141 744 omnia

205 758 329 821 arbitrio
342 769 425 838 gesta
444 772 525 824 sunt.
544 762 599 826 Hic
618 766 744 827 multum
764 767 871 831 ducem
889 769 1042 836 summum
1059 768 1140 856 Age·

203 855 311 918 silaum
325 857 491 940 impedivit,
507 880 656 943 saepeque
668 863 731 927 eius
744 865 877 929 consiliis
891 868 1018 933 obstitit.
1032 860 1140 957 Neque

203 970 272 1016 uero
291 956 426 1017 nonfuit
451 967 596 1037 apertum,
622 959 647 1021 si
664 959 714 1022 ille
740 979 801 1023 nou
819 962 924 1027 luisset
947 965 1007 1048 (h),
1028 968 1137 1049 Agesi-

202 1049 284 1112 laum
303 1050 417 1129 Asiam,
436 1052 536 1117 Tauro
555 1056 602 1137 (3)
622 1064 726 1135 tenus,
749 1058 812 1136 regi
831 1059 923 1125 luisse
944 1072 1133 1146 erepturum.

202 1143 260 1221 Qui
284 1157 480 1233 posteaquam
498 1152 621 1215 domum
646 1154 740 1217 esuis
756 1155 871 1219 civibus
895 1169 1054 1224 reuocatus
1075 1175 1135 1242 est,

203 1245 283 1329 quod
301 1247 416 1310 Boeotii
430 1256 460 1311 ei
470 1248 669 1313 Athenienses
688 1248 935 1318 Lacedaemoniis
952 1256 1067 1321 bellum
1083 1259 1134 1324 iu-

204 1343 355 1423 dixerant,
385 1343 486 1414 Gouou
507 1347 602 1408 nihilo
628 1347 727 1409 secius
759 1349 837 1430 apud
862 1352 1028 1431 praefectos
1056 1357 1135 1436 regis

202 1441 388 1518 versabatur3
405 1441 511 1523 hisque
526 1443 665 1505 omnihus
681 1445 809 1506 maximo
829 1455 893 1509 erat
910 1449 992 1512 usui.

243 1537 294 1600 111.
311 1537 467 1601 Deiecerat
482 1559 499 1602 a
514 1532 826 1621 regel'issaphernes,
838 1562 935 1625 neque
950 1528 980 1608 id
1000 1555 1060 1609 tam
1073 1546 1135 1611 Ar·

202 1636 326 1730 tarerxi,
352 1654 441 1716 quam
461 1636 568 1699 ceteris
587 1646 651 1699 crat
672 1646 821 1720 apertum.
845 1638 944 1705 hlultis
965 1642 1046 1704 enim
1065 1624 1135 1708 rna-

184 1732 329 1816 ⁴quisque
345 1733 458 1797 meritis
477 1733 556 1816 apud
571 1752 685 1814 regem,
705 1736 795 1798 etiam
816 1755 883 1799 cum
903 1737 935 1800 iu
958 1739 1055 1802 officio
1070 1760 1133 1804 nou

181 1826 184 1834 ’
201 1840 347 1909 maneret,
366 1831 493 1894 valebat.
509 1830 612 1913 Neque
626 1830 655 1894 id
672 1833 856 1911 mirandum,
872 1835 897 1896 si
916 1853 976 1897 nou
992 1835 1080 1900 facile
1094 1837 1133 1901 ad

201 1923 382 1992 credendum
401 1928 626 2006 adducebatur,
655 1929 868 2007 reminiscens,
899 1930 965 1994 eius
983 1949 1016 1995 sc
1043 1951 1136 2014 opera

201 2025 447 2110 Cyrum'lratrem
476 2045 633 2108 superasse
663 2027 722 2108 (h).
742 2025 1020 2091 Huiusaccusaudi
1038 2031 1134 2109 gratia

201 2125 303 2190 Conon
326 2144 344 2188 a
370 2125 562 2188 Pharnabazo
584 2124 621 2186 ad
649 2142 748 2204 regem
780 2123 905 2201 missus,
936 2122 1132 2207 posteaquam

200 2225 292 2303 venit,
309 2224 439 2306 primum
457 2243 492 2286 en
510 2224 593 2287 more
610 2221 780 2298 Persarum,
795 2221 832 2285 ad
850 2220 1048 2287 chiliarchum
1069 2224 1134 2306 (5),

230 2420 264 2478 (l)
277 2421 321 2467 hill
335 2422 416 2468 contra
426 2421 603 2480 Tissaphernem
614 2421 662 2480 regi
677 2419 749 2466 tidem
763 2418 899 2466 adhibuisse
915 2417 1020 2476 numani,
1035 2415 1077 2461 eod
1099 2418 1138 2462 iu·

199 2488 277 2535 vidiae
292 2489 381 2536 artibus
395 2488 562 2547 deturbatum
580 2488 645 2546 quod
665 2491 702 2534 vel
717 2489 813 2548 Noster,
834 2500 919 2547 purum
933 2486 979 2533 sibl
993 2495 1131 2545 congruus,

201 2558 280 2604 helari
295 2558 389 2605 videtur
402 2559 426 2603 iu
441 2557 490 2603 vlla
504 2559 603 2614 Agesilai
613 2559 680 2616 (cap.
698 2556 713 2603 rl
725 2559 742 2615 ),
757 2568 833 2614 quum
849 2557 909 2602 artes
925 2553 1012 2604 narret>
1027 2550 1133 2610 qulbus,

200 2625 257 2672 dum
270 2626 351 2685 copias
364 2623 411 2672 eibi
425 2626 578 2685 compareret,
594 2623 763 2685 Thsaphomee
784 2620 983 2668 Lacedaemonios
1006 2619 1136 2664 circumue-

200 2697 251 2742 nire
266 2694 399 2741 conaretur.

231 2763 261 2820 (2)
273 2764 360 2823 Nempe
374 2760 542 2820 nodomarius
558 2759 656 2811 consilio
671 2759 729 2815 regii
748 2756 859 2818 praelecti
878 2768 921 2815 per
936 2761 1074 2813 graecarum
1091 2761 1136 2797 ur·

199 2832 266 2892 hiem
275 2831 398 2892 corruptos
409 2832 517 2876 oratores
525 2839 583 2874 eam
598 2827 656 2874 belh
666 2828 752 2874 molem
774 2827 856 2872 contre
878 2820 1076 2870 Lacedaemonos
1087 2829 1134 2865 ex·

201 2901 286 2961 tulere,
302 2900 328 2945 ut
340 2899 366 2944 hl
380 2898 510 2956 Agesilaum
522 2908 550 2942 er
565 2897 614 2942 isia
626 2894 656 2940 ad
667 2905 720 2940 aras
734 2896 759 2941 et
774 2893 840 2940 iocos
862 2890 963 2939 tuendos
978 2886 1113 2937 revocarent

201 2980 276 3027 quum
292 2969 410 3015 Persarum
426 2979 463 3012 res
479 2968 502 3011 iu
515 2965 567 3012 isia
582 2965 673 3010 minore
685 2962 835 3010 labefactaret
847 2961 956 3007 maxime.

232 3036 262 3097 (ὅ)
278 3037 375 3084 ldaximo
391 3035 456 3082 halae
471 3033 601 3094 montium,
616 3031 658 3090 qui
677 3031 743 3077 rarle
756 3029 912 3090 appellatione
927 3037 942 3071 a
955 3023 1024 3083 ipsiu
1046 3022 1077 3068 eil
1093 3033 1135 3069 ex·

202 3103 288 3149 tremos
302 3106 368 3150 seres
381 3103 490 3162 pertinet,
510 3101 534 3146 lu
556 3101 607 3146 isla
622 3100 701 3145 aulem
718 3098 796 3144 Tauro
814 3097 882 3142 tenus
902 3093 967 3139 iouia
981 3088 1042 3149 luit,
1057 3089 1134 3148 Eolie,

202 3171 277 3230 Caria,
292 3171 366 3230 Lycia,
382 3170 462 3230 Lydia,
475 3169 573 3227 Phrygia
588 3172 611 3214 et
623 3165 764 3225 Pamphylia,
778 3175 836 3222 quas
854 3160 1003 3219 sequioribus
1020 3157 1134 3217 tempori·

201 3237 247 3284 hus
262 3238 501 3296 provinciaeliomani
515 3237 545 3283 ab
560 3235 668 3283 Antiochi
683 3247 756 3294 reguo
770 3232 875 3280 divulsas
890 3232 915 3277 lu
934 3239 1000 3275 suam
1018 3226 1133 3272 ditionem

202 3305 350 3362 redegerunt.

232 3373 264 3433 (l)
279 3370 313 3419 ci.
329 3372 448 3434 Alcibiad,
459 3384 512 3432 cap.
523 3371 548 3418 lx
562 3371 587 3416 et
601 3370 681 3416 adnot.

231 3441 266 3497 (5)
275 3440 362 3486 Graece
374 3451 421 3485 vox
431 3452 446 3486 e
456 3444 536 3503 χίλιοι,
552 3439 623 3496 mille,
641 3440 665 3485 et
679 3434 752 3483 verbo
763 3433 839 3504 ἄρχω,
863 3433 971 3492 imperor
985 3426 1136 3490 proprietati

201 3508 242 3567 qul
257 3506 321 3554 mille
337 3507 449 3554 milillhue
468 3509 610 3567 imperaret,
636 3506 699 3553 iuter
720 3507 784 3551 clare
805 3503 869 3549 ortos
884 3498 914 3545 od
928 3497 988 3554 regis
1002 3493 1134 3544 custodium
