2452 3938
515 251 650 298 olannus
780 230 783 235 ’
1003 234 1039 298 sl

120 351 222 407 tamon
240 338 319 420 ragis
334 341 480 404 uoluntati
499 361 610 404 morem
623 342 785 421 gerendum
798 343 922 424 putavit.
941 341 1044 424 ltaque

120 459 190 504 cum
209 441 325 521 paucis,
344 439 396 501 sed
411 438 481 501 uiris
498 438 637 514 sortibus,
657 448 767 502 narem
779 439 963 518 conscendit3
983 439 1044 502 e'xi·

120 536 265 614 stimans,
284 534 314 598 id
333 535 412 617 quod
430 535 558 612 accidit,
574 536 695 599 facilius
716 554 749 598 se
776 536 1044 619 impmdentemet

120 635 302 715 imparatum
321 650 410 715 parra
428 650 517 694 manu
535 650 765 714 oppressurum,
784 651 872 713 quam
895 638 1043 714 paratum,

122 729 259 812 quamuis
276 746 382 808 magno
395 729 535 791 exercitu.
549 728 609 791 Hac
620 731 748 806 delatus,
760 728 791 791 in
802 729 933 792 Ciliciam
948 740 1045 809 egro·

122 845 187 903 sus,
203 825 273 889 iude
292 826 355 888 dies
369 834 529 906 noctesque
547 825 744 903 iterfaciens,
764 825 895 889 Taurum
915 825 1044 899 transiit,

122 942 240 1006 eoque,
262 942 321 1004 quo
336 922 507 999 smdnerat,
527 923 617 986 veuit.
639 921 761 994 Quaerit
787 923 895 1004 quihus
916 922 990 985 locis
1007 923 1047 985 sit

122 1021 221 1102 Aspis:
242 1019 392 1098 cognoscit
408 1019 485 1081 haud
498 1020 584 1098 longe
602 1020 718 1098 abesse,
737 1020 963 1102 profectumque
977 1037 1045 1083 aum

100 1125 104 1131 ·
123 1126 283 1194 renatum;
301 1134 389 1197 quem
414 1116 485 1177 dum
504 1106 689 1197 speculatur,
715 1119 856 1179 adventus
874 1117 940 1179 eius
958 1135 1048 1178 causa

124 1213 325 1294 cognoscitur.
344 1211 458 1274 Pisidas
475 1211 619 1294 (l),-cum
637 1213 675 1276 iis
690 1232 764 1294 quos
782 1231 883 1275 secum
906 1212 1046 1289 hahebat,

124 1311 163 1374 ad
181 1310 378 1373 resistendum
398 1309 484 1389 Aspis
503 1319 665 1391 comparat.
685 1309 716 1371 ld
732 1308 869 1372 Datames
887 1308 939 1372 uhi
959 1308 1048 1370 audi·

128 1409 182 1484 vit,
205 1425 288 1470 arma
305 1406 406 1481 sumit,
425 1424 554 1488 suosque
571 1408 656 1489 sequi
674 1407 776 1486 iuhet;
796 1407 860 1488 ipse
879 1425 955 1489 equo
974 1421 1049 1469 cou-

124 1505 217 1581 citato
233 1503 271 1566 ad
289 1503 402 1564 hostem
421 1500 547 1565 vehitur.
567 1501 660 1574 Quem
687 1504 791 1584 procul
816 1502 902 1584 Aspis
928 1500 1049 1583 conspi-

126 1602 210 1663 ciens
227 1599 264 1662 ad
279 1618 310 1662 se
332 1599 475 1662 letantem
495 1599 555 1680 (h),
580 1600 773 1680 pertimescit,
790 1608 879 1681 atque
903 1619 921 1663 a
941 1607 1051 1662 conatu

125 1696 286 1760 resistendi
309 1696 486 1773 deterritus,
516 1706 581 1758 sese
605 1696 698 1759 dedit.
726 1696 811 1759 Hunc
828 1696 967 1760 Datames
983 1695 1051 1758 aiu·

126 1802 210 1856 ctum
229 1792 267 1855 ad
284 1810 383 1871 regem
400 1792 568 1854 ducendum
586 1792 676 1855 tradit
688 1791 851 1856 Mithridati
863 1793 924 1874 (3).

169 1888 207 1954 V.
226 1887 305 1953 Haec
321 1888 396 1951 dum
423 1897 581 1968 geruntur,
610 1889 801 1966 Artaxerxes,
823 1890 1017 1952 reminiscens
1035 1905 1053 1949 a

128 1995 243 2071 quanto
261 1985 341 2047 hello
359 1986 395 2047 ad
413 2004 502 2066 quam
520 2003 640 2066 parvam
669 2003 731 2047 rem
758 1986 922 2068 principem
943 1985 1065 2047 ducum·

130 2083 274 2158 misisset,
292 2099 324 2144 se
341 2081 440 2163 ipsum
457 2082 660 2162 reprehendit,
681 2092 711 2144 et
724 2082 867 2145 nuncium
885 2082 922 2144 ad
941 2079 1053 2144 exerci-

130 2178 290 2243 tumllcen
306 2177 353 2259 (d)
371 2179 462 2254 misit,
479 2178 558 2258 quod
576 2178 709 2242 nondum
727 2177 871 2242 Datamen
888 2178 1053 2260 prolectam

132 2274 268 2359 putabat,
287 2275 339 2355 qui
353 2274 381 2337 ei
399 2274 524 2352 diceret,
537 2292 576 2337 ne
587 2274 625 2337 ah
642 2275 775 2338 exercitu
792 2274 967 2338 discederet.
986 2272 1054 2350 flio,

135 2373 308 2455 priusquam
338 2370 504 2452 perveniret
527 2389 586 2452 quo
611 2380 676 2434 erat
704 2372 871 2453 proiectus,
896 2372 929 2434 in
947 2370 1055 2434 itinere

135 2467 342 2549 convcmtmui
355 2467 456 2549 Aspim
474 2467 632 2530 duoehant.
649 2466 714 2540 Qua
731 2469 893 2546 celeritate,
905 2485 973 2532 cum
993 2486 1057 2530 ma·

134 2584 224 2645 gaam
243 2564 479 2627 benevolentiam
503 2565 581 2644 regis
600 2564 743 2629 llatames
767 2575 943 2630 consecutus
966 2573 1057 2643 esset,

136 2681 206 2725 non·
224 2662 370 2731 minorem
395 2661 536 2723 invidiam
554 2662 716 2725 aulicorum
744 2664 875 2745 excepit,
902 2663 954 2745 qai
971 2663 1061 2726 illum

138 2775 231 2821 uuum
245 2757 343 2838 ,pluris
359 2775 450 2838 quam
463 2776 496 2820 sa
510 2776 616 2821 omues
630 2759 699 2820 fieri
716 2759 867 2821 videbant:
886 2778 945 2840 quo
962 2760 1055 2839 sacto,

139 2855 238 2917 cuncti
255 2853 376 2917 adeum
394 2854 621 2936 opprimendum
639 2864 863 2918 consenserunt.
884 2854 963 2917 llaec
977 2854 1058 2919 Pan·

141 3067 201 3119 aab·
215 3069 224 3125 l
232 3078 297 3116 uuae
308 3067 332 3113 d.
347 3067 580 3129 caementatam),
595 3068 676 3128 coplas
689 3067 841 3115 contrahebat
853 3068 883 3115 ad
897 3067 986 3116 bellum
1002 3080 1064 3117 con·

144 3137 360 3263 mttpelpsyxpp'psnildta
376 3205 494 3264 provincia
509 3205 574 3252 Asiae
585 3206 681 3251 mlnorls
696 3215 767 3264 supra
781 3203 944 3264 Pamphyliam.

174 3271 204 3333 (2)
215 3271 276 3318 locst
289 3271 386 3318 stxhdltlu
398 3271 525 3319 calcarihus
539 3282 609 3332 equo,
625 3273 651 3318 tn
665 3284 690 3318 sa
701 3273 889 3334 paoourreutam3
905 3275 984 3321 noster
995 3276 1065 3322 ahso-

146 3339 195 3387 msa
207 3339 240 3385 uit
253 3334 373 3398 terentem,
386 3349 469 3394 graecu
482 3339 595 3397 loquendi
609 3340 705 3385 ratloua

177 3407 208 3465 th)
220 3402 379 3452 tmhmauots
391 3405 450 3463 lilio,
464 3417 538 3464 aquo
551 3407 633 3464 postea
647 3408 697 3466 lpse
712 3406 817 3453 Datames
830 3405 965 3454 tntarleolus
979 3409 1021 3455 ast.

174 3471 206 3532 (ll
220 3470 284 3519 tuest
295 3469 460 3520 Ptolemaidem
