2452 3938
125 187 145 248 6

125 296 291 367 subtexuit
308 296 439 367 brevem
458 298 739 370 narratiunculam
758 303 798 372 de
819 303 953 393 regibus
967 305 1044 375 Per·

124 423 236 473 sarum
254 413 287 471 et
309 401 523 488 Graecorum,
546 405 603 473 nbi
620 407 777 475 nonnulla
805 408 912 479 obiter
941 413 1046 501 tangit

125 509 166 578 de
185 507 268 599 Cyro
289 508 461 593 et·Dario,
484 509 525 578 de
543 509 667 594 Xerxe,
690 512 731 580 de
751 513 878 583 duobus
897 515 1046 585 Artaxer-

124 614 237 698 xibus,
265 614 305 682 de
322 614 544 698 Nacrochire,
564 615 756 700 Nrremone,
778 617 949 708 Philippo,
970 622 1046 690 Ale·

122 721 246 790 xandro
281 721 413 808 Magno,
450 719 595 811 Pyrrho,
628 722 815 815 bntigono,
854 724 1042 809 Demetrio,

123 825 335 917 Lysimacho,
363 825 500 895 Seleuco
526 837 559 895 et
586 826 786 897 Ptolemaeo.
819 830 910 898 Hauc
932 830 1046 899 subse·

124 942 274 1021 quuntnr
290 931 375 1000 vitae
394 931 589 1000 Hamilcaris
614 943 647 1002 et
672 933 880 1019 Hannibalis,
902 935 1045 1022 impera-

122 1048 233 1112 torum
251 1037 567 1125 ¹carthaginiensium
586 1038 651 1128 (l).
670 1039 803 1109 Constat
818 1040 977 1130 Nepotem
992 1043 1048 1109 lit·

123 1142 202 1212 teris
223 1143 321 1212 etiam
340 1144 523 1232 prodidisse
541 1144 622 1213 vitas
646 1166 860 1215 romanorum
886 1147 964 1215 belli
985 1147 1047 1214 du·

124 1248 276 1341 cnmffl).
305 1250 425 1320 Verum
455 1271 495 1320 ex
526 1250 578 1320 his
609 1251 676 1319 sola
709 1262 848 1320 aetatem
877 1253 952 1321 tulit
980 1253 1045 1320 vita

124 1356 256 1426 Catonis
275 1356 426 1440 maioris,
449 1355 484 1423 in
511 1355 604 1424 cuins
637 1366 780 1425 extrema
806 1367 900 1446 parte
925 1357 988 1440 ait,
1011 1378 1046 1424 se

123 1464 164 1532 de
179 1462 300 1532 Catone
319 1461 441 1530 librum
461 1461 638 1550 separatim
656 1462 788 1546 iecisse,
811 1462 868 1552 qni
887 1462 1045 1552 temporis

123 1568 245 1643 iniuria
263 1567 361 1636 etiam
382 1567 600 1636 desideratur.
619 1567 767 1658 lienique
784 1579 887 1637 exstat
900 1569 936 1636 T.
953 1568 1047 1638 Pom·

122 1674 213 1764 ponii
232 1673 329 1742 Attici
346 1673 428 1756 vita,
451 1672 485 1741 in
509 1695 573 1764 qua
594 1674 826 1743 conscribenda
846 1674 975 1744 videtur
994 1677 1046 1745 hi·

122 1780 262 1851 storicus
281 1780 496 1870 praecipuum
521 1780 665 1849 studium
685 1781 832 1870 posuisse
841 1778 904 1871 (3).

168 1887 229 1967 Qui
250 1886 455 1957 ieiunitatem
477 1887 643 1976 quandam
661 1886 696 1954 in
721 1887 845 1974 Nepote
863 1888 1046 1976 reprehen-

123 1993 222 2077 dunt,
244 1992 358 2082 inique
376 1992 424 2060 illi
450 1992 583 2082 quidem
604 1992 740 2061 iaciunt.
768 1992 917 2081 Namque
943 2014 1046 2061 unns·
1128 2039 1132 2048 -

123 2099 264 2189 quisque
279 2120 317 2168 ex
336 2110 463 2182 mente,
483 2120 547 2187 qna
568 2098 716 2188 scripsit,
738 2098 872 2168 omnino
892 2108 942 2167 est
959 2098 1046 2166 iudi·

123 2206 258 2274 candus.
280 2204 341 2272 Hic
359 2216 469 2273 autem
490 2215 627 2273 testatur
644 2203 706 2294 (d),
740 2224 791 2287 se,
819 2204 923 2271 multo
950 2204 1045 2290 plura

122 2311 271 2400 prolerre
287 2331 390 2400 quum
410 2321 535 2398 posset,
551 2309 673 2378 idcirco
693 2310 827 2378 modum
842 2306 1042 2386 adhibuisse,

153 2550 186 2610 (t)
198 2552 272 2598 Fuere
286 2551 326 2609 qul
341 2547 504 2604 existimarent,
518 2543 653 2591 huiusmodi
668 2545 725 2588 vitas
740 2545 781 2589 aut
795 2543 893 2588 omnino
907 2543 938 2587 ab
950 2544 1046 2588 Aemilio

124 2619 201 2666 Probo
214 2619 286 2664 luisse
300 2615 423 2677 proiectas.
433 2615 473 2670 qui
490 2612 737 2669 Theodosii,aequalis
750 2609 802 2669 luit,
818 2611 858 2655 ant
873 2610 904 2655 ab
919 2608 1000 2654 eodem
1019 2610 1044 2654 ln

122 2675 286 2745 compendium
301 2683 373 2730 inisse
388 2683 498 2728 redactas.
511 2679 555 2728 sod
570 2678 634 2726 allud
649 2678 750 2724 suadent
760 2677 839 2737 operis
853 2676 1005 2736 concinnitas,
1021 2679 1045 2722 et

124 2756 165 2800 illa
180 2765 241 2811 qnae
256 2755 365 2810 leguntur
379 2753 403 2796 in
419 2751 467 2794 vite
480 2746 664 2808 Epaminondae,
679 2745 720 2790 ubl
734 2744 859 2790 historicus
873 2744 955 2789 iustam
970 2742 1044 2788 brevi·

122 2823 195 2868 tatem
206 2820 336 2880 pollicetur.
352 2817 398 2863 ileo
413 2816 442 2860 de
458 2827 483 2860 re
497 2814 550 2861 vide
562 2815 682 2860 Lourinon
695 2813 719 2857 ln
735 2812 849 2871 parisiaca
862 2810 974 2868 editione,
983 2820 1044 2866 quae

123 2889 271 2936 inscribitur:
291 2886 383 2934 ’Aemilii
404 2883 488 2942 Probi,
512 2895 554 2929 seu
570 2881 669 2927 Cornelii
688 2881 783 2939 Nepotis
802 2879 889 2924 Excell.
904 2879 962 2934 imp.
974 2876 1044 2920 vitae.

124 2959 200 3014 Paris,
217 2956 316 3002 {569.-
331 2949 490 3010 Lrnnruuiinu,
505 2949 623 2995 Vindioiee
641 2948 753 2993 librorum
775 2946 860 2992 iniuria
874 2943 1043 3002 suspectorum.

122 3026 220 3084 Lipsiae.
236 3022 302 3081 tort,
317 3020 377 3066 inti0
389 3043 417 3053 -
427 3017 462 3064 ci.
481 3018 557 3075 Bono,
571 3016 650 3062 Storto
664 3015 725 3060 &lla
745 3015 845 3059 letterat.
860 3024 932 3069 rom„
948 3010 994 3054 vol.
1010 3008 1042 3068 rl,

150 3091 195 3138 2⁰7
218 3090 271 3136 208.

122 3091 136 3154 ἓ
152 3155 183 3219 (2)
196 3125 223 3203 'A
235 3157 312 3214 oric,
323 3155 348 3200 N.
364 3156 388 3199 t.
398 3165 434 3213 xr,
450 3152 488 3199 28.

153 3226 183 3286 (ὅ)
195 3227 243 3272 tile
257 3224 326 3269 etiam
341 3223 464 3280 scripserat
479 3221 572 3278 noster,
591 3219 651 3265 inter
666 3228 726 3275 qnae
742 3214 909 3260 chronicorum
925 3210 949 3255 et
960 3207 1044 3252 linem·

120 3295 215 3353 piorum
229 3292 283 3338 libri
298 3303 312 3336 a
326 3291 400 3336 Gellio
415 3290 472 3346 (tri,
488 3287 530 3341 ⁴83
545 3283 834 3345 ulimmerianum,
849 3290 953 3339 qnorum
968 3286 1064 3343 partes,

123 3353 284 3408 tantummodo
297 3358 424 3416 supersunt
436 3356 572 3412 iragmento.

156 3427 187 3490 (tt
201 3430 227 3474 ln
237 3427 285 3472 vila
299 3425 402 3487 Epamin.
420 3435 450 3471 tr.
