2452 3938
198 249 239 312 bl
575 267 746 313 aucmrnnus
836 299 840 304 .

197 356 305 419 sandro
325 365 473 438 praetore,
485 358 535 439 qui
549 360 627 439 apud
645 357 767 421 Samum
783 358 1009 440 (ltexercitum
1028 357 1126 420 habe·

197 452 259 531 bat,
279 472 332 535 per
351 453 557 517 internuncios
576 456 766 537 colloquitur,
788 465 818 518 et
835 456 872 518 de
888 455 987 517 reditu
1005 473 1059 517 suo
1077 455 1126 515 la-

197 550 239 612 cit
252 549 446 612 mentionem.
462 551 532 613 Erat
548 552 628 613 enim
640 553 745 614 eodem
761 548 821 633 quo‘
834 550 1005 614 Alcibiades
1017 569 1124 627 sensu,

196 646 299 727 pupuli
314 647 466 728 potentiae
483 666 543 710 non
564 649 690 724 amicus,
709 658 739 711 et
757 649 932 728 optimatum
948 649 1059 709 fautor.
1078 646 1129 709 Ab.

197 742 253 804 boc
270 742 441 821 destitutus,
460 745 590 824 primum
613 764 666 826 per
687 744 903 826 Thrasybulum
921 744 982 825 (b),
1001 741 1073 824 Lyci
1086 744 1126 804 fi-

197 839 292 927 lium,
316 839 353 902 ab
372 841 503 905 exercitu
528 842 693 923 recipitur,
712 849 890 922 praetorque
914 842 947 902 lit
969 838 1047 921 apud
1065 837 1125 902 Sa-

198 954 291 1007 mum.
312 935 404 1014 Post,
434 937 614 1016 suffragante
645 938 832 1002 Theramene
855 938 916 1019 (3),
944 935 1131 1017 populiscitu.

197 1033 383 1109 restituitur,
403 1034 528 1116 parique
555 1035 664 1113 absens
692 1035 818 1116 imperio
846 1033 1016 1116 praeficitur
1034 1034 1125 1096 simul

120 1166 142 1201 .,
152 1155 188 1200 ayt
198 1148 264 1190 cum
277 1127 458 1211 Thrasybulo
472 1141 502 1193 et
512 1129 710 1204 Theramene.
724 1131 835 1194 Horum
852 1131 883 1192 in
901 1131 1028 1211 imperio
1042 1137 1126 1193 tante

198 1226 1124 1311 commutatiorerumlactaest,yutLacedaemonii,qnipaullo
1188 1220 1192 1234 ’

197 1332 266 1387 ante
280 1325 409 1386 victores
430 1325 595 1403 viguerant,
617 1325 766 1405 perterriti
784 1312 886 1405 pacem
904 1332 1052 1406 peterent,
1074 1320 1126 1385 lli·

197 1421 237 1485 cti
255 1421 334 1495 enim
352 1431 437 1482 erant
449 1423 581 1510 quinque
599 1421 721 1501 proeliis
737 1420 940 1497 terrestribus,
959 1419 1057 1482 tribus
1072 1426 1138 1481 ne-¹

198 1518 314 1587 talibus
332 1518 392 1598 (l);
412 1518 443 1583 in
462 1518 571 1598 quibus
589 1519 731 1580 ducentas
745 1536 835 1581 nares
854 1518 992 1579 triremes
1012 1516 1124 1579 amise-

198 1622 276 1691 rant,
296 1633 372 1696 quae
390 1622 496 1694 captae¹
511 1615 688 1686 inbostium
704 1622 849 1676 uenerant
866 1623 1055 1695 potestatem.
1076 1613 1127 1676 nt·

197 1711 329 1775 cibiades
356 1711 445 1780 simul
463 1729 530 1779 cum
557 1712 677 1790 collegis
699 1720 853 1792 receperat
874 1711 1002 1788 leniam,
1022 1709 1125 1773 llelle·

198 1817 350 1890 spontem,
372 1810 479 1871 multas
495 1817 651 1890 praeterea
669 1809 760 1871 urbes
777 1827 898 1887 graecas
917 1809 977 1888 (5),
998 1807 1125 1889 quaein

198 1923 251 1968 ora
264 1906 340 1983 sitae
358 1914 428 1977 sunt
444 1906 544 1984 Asiae,
561 1924 686 1987 quarum
709 1912 912 1986 expugnarant
935 1905 1123 1986 compluresa

198 2002 230 2064 in
247 2001 489 2083 hisByzantium.
505 2001 607 2084 Neque
623 2003 721 2065 minus
738 2001 982 2065 multasconsilio
994 2002 1032 2064 ad
1046 2000 1125 2063 ami·

199 2100 300 2163 citiam
320 2101 527 2178 adiunxerant,
556 2101 636 2181 quod
653 2100 685 2162 in
710 2109 814 2182 captos
831 2099 989 2161 clementia
1008 2100 1127 2161 luerent

198 2198 257 2261 usi.
282 2198 608 2280 indetamentionem,
626 2198 807 2280 locupletato
825 2196 968 2273 exercitu,
989 2195 1127 2257 maximis

199 2294 290 2358 robus
309 2297 412 2379 gestis,
436 2296 567 2367 Athenas
585 2303 745 2376 venerunt,

241 2392 291 2456 Vl.
313 2392 367 2457 His
390 2411 458 2456 cum
481 2392 598 2455 obviam
624 2392 761 2454 universe
788 2391 890 2453 civitas
912 2391 944 2451 in
969 2389 1126 2453 Piraeeum

200 2489 414 2567 descendisset,
434 2498 516 2571 tanta
532 2488 588 2561 luit
606 2489 749 2551 omnium.
761 2474 925 2569 expectatio
940 2485 1055 2548 risendi
1073 2485 1121 2547 ni-

201 2588 338 2664 cibiadis,
355 2595 387 2647 nt
401 2585 517 2663 adeius
533 2585 682 2646 triremem
696 2585 799 2663 vulgus
813 2585 989 2660 conflueret,
1003 2582 1127 2665 perinde

232 2748 264 2804 (tt
278 2747 378 2797 lnsulam
394 2747 463 2791 maris
477 2746 559 2802 aegaei
574 2746 656 2791 eontra
670 2745 773 2802 Mycalen
788 2743 990 2803 promontorium,
1005 2741 1046 2787 ubi
1061 2741 1128 2787 attae·

202 2816 321 2862 niensium
336 2814 416 2859 classis
430 2815 453 2858 tn
469 2813 571 2859 statione
585 2814 635 2858 erat
650 2813 696 2859 sub
707 2809 820 2857 Pisandro
834 2812 944 2866 stratego.

232 2883 263 2943 tl)
280 2883 350 2929 Culus
365 2881 426 2926 banc
441 2881 530 2939 excipit
545 2882 599 2925 vita.
982 2888 986 2895 ’

233 2953 263 3008 (5)
279 2949 428 2998 debilissimo
443 2949 504 2996 duce
519 2950 543 2995 et
566 2951 673 3006 oratore,
689 2948 744 3006 qui,
767 2948 820 3007 post
841 2949 921 3004 captas
941 2945 1068 2990 libenasa
1087 2945 1130 3001 Ly·

202 3019 302 3076 sundro,
324 3031 379 3069 cum
394 3020 456 3064 inter
470 3019 565 3074 triginta
577 3021 687 3074 tyrannos
702 3016 780 3060 mitius
794 3027 866 3072 quam
881 3013 955 3059 ceteri
971 3013 1090 3058 exerceret
1105 3012 1130 3055 in

203 3091 265 3135 cives
279 3090 417 3148 imperium,
433 3088 551 3133 adnitente
571 3087 675 3131 omnium
691 3085 822 3130 saevissimo
838 3083 924 3142 Critia,
941 3081 1015 3127 morte
1031 3079 1131 3125 mulctu-

203 3158 241 3201 tus
255 3157 297 3201 est.
1084 3154 1089 3165 ·

236 3221 267 3280 (t)
282 3221 315 3266 De
329 3221 479 3268 terrestribus
494 3221 560 3266 bisce
575 3219 682 3276 quinquo
700 3217 794 3276 proellis
809 3212 950 3272 ambigttnr3
966 3212 1044 3257 uenali
1058 3209 1132 3256 semel

204 3289 327 3335 etiterum
342 3287 370 3333 ad
382 3287 487 3344 abydum
502 3286 526 3332 lu
543 3286 693 3345 lletlesponto
706 3287 826 3341 congressi
840 3285 908 3338 suut3
925 3281 992 3326 tertio
1007 3282 1087 3325 nutem
1102 3277 1133 3323 ad

205 3357 312 3414 Cynicum
328 3356 352 3399 in
368 3366 431 3400 mare
446 3355 609 3412 Propontidis,
628 3355 668 3441 in·
675 3364 725 3411 quo
739 3351 878 3410 Myndarus,
894 3348 1060 3408 Spartanorum
1076 3356 1134 3405 rex,

205 3423 300 3471 cecidit.

237 3491 269 3553 (ξ)
284 3492 399 3550 cyzicum,
415 3491 572 3550 selymbriam,
588 3487 757 3535 chalcedonem
773 3486 878 3544 aliasque
893 3482 1038 3544 Propontidis
1053 3481 1140 3528 urben.
