2452 3938
197 255 258 319 {28
315 332 319 339 ,
589 279 723 329 nonanus

196 365 363 447 pabulum3
380 378 533 450 praeterea
552 372 666 436 eibaria
688 383 771 439 eoeta
793 374 911 439 dierum
936 377 1059 461 decemp
1077 390 1124 445 ut·

197 482 255 544 que
271 483 359 546 quarn
380 465 503 528 minime
517 467 602 531 deret
618 470 696 549 iguis
714 471 744 534 iu
765 473 880 537 eastris.
900 472 962 538 Iter
978 477 1060 558 quod
1071 478 1123 543 ba·

196 557 286 645 bebat
309 580 412 623 omnes
429 563 516 626 celat.
553 644 560 656 .

237 656 287 721 lx.
304 656 352 720 Sic
374 667 517 739 paratus,
537 681 596 743 qua
620 663 814 729 constituerat
831 668 1044 749 proficiscitur.
1067 668 1122 733 lti-

196 755 320 844 midium
337 755 398 816 sere
416 756 545 842 'spatium
566 760 746 839 confecerat,
769 781 838 825 eum
853 783 889 826 ex
907 766 989 828 sumo
1005 775 1120 831 castro-

194 873 260 916 rum
280 855 494 936 eiossospieio
510 856 598 919 allata
618 867 663 920 est
677 858 714 919 ad
732 858 910 939 Eumenem,
926 861 1043 926 hostem
1066 883 1121 947 ap·

114 995 116 999 «
194 951 407 1032 propinquare.
421 951 608 1015 Conveniunt
622 953 724 1032 duees3
738 957 892 1039 quaeritur
905 958 978 1040 quid
993 978 1069 1041 opus
1083 961 1121 1023 sit

193 1049 283 1110 facto.
296 1048 504 1128 intelligebant
522 1069 638 1128 omues,
653 1059 713 1113 tam
726 1052 861 1116 celeriter
872 1056 974 1136 copias
986 1056 1120 1137 ipsorum

193 1147 328 1209 contrabi
347 1166 406 1209 nou
420 1167 507 1229 posse
515 1148 575 1229 (1),
591 1166 680 1229 quam
692 1148 858 1228 Antigonus
876 1152 1022 1215 affuturus
1041 1152 1120 1218 vide·

192 1244 291 1308 batur.
311 1245 377 1322 Hie,
402 1245 541 1308 omnibus
560 1245 770 1324 titubantibus,
787 1255 817 1310 et
835 1248 872 1311 de
888 1248 978 1312 rebus
994 1250 1120 1313 summis

191 1342 433 1424 desperantibus,
446 1343 597 1410 Eumenes
615 1343 674 1404 ait:
689 1345 722 1408 Si
736 1344 914 1409 celeritatem
930 1347 1024 1410 veiint
1037 1348 1121 1412 aaut·

191 1444 269 1518 bere,
293 1449 320 1503 et
334 1442 479 1520 imperata
494 1442 602 1520 farere,
618 1442 695 1518 qaod
709 1449 777 1503 ante
791 1459 853 1504 aaa
864 1443 1001 1522 fecerint,
1015 1462 1120 1509 serora

191 1539 411 1617 expeditorum.
433 1530 512 1601 Nam
527 1536 606 1616 paud
621 1537 721 1599 dietas
736 1539 866 1617 painpoe
875 1541 974 1619 vboetis
988 1544 1121 1607 transire

187 1643 295 1716 posset,
321 1652 351 1697 ae
369 1635 559 1715 offerturam,
584 1642 618 1697 at
638 1652 700 1697 aon
728 1635 835 1709 mittar
856 1638 976 1702 totidem
1002 1640 1120 1704 &aaut

190 1733 285 1813 spotia
310 1733 529 1796 retardaretur.
560 1733 658 1808 Quare
675 1733 886 1811 circumirent,
898 1752 981 1798 -suor
996 1737 1119 1817 pompae

189 1830 288 1912 aopias
312 1829 509 1894 eoatraberet.
537 1829 581 1892 Ad
599 1829 739 1909 Antigoni
762 1840 862 1893 autern
884 1832 1116 1897 refraenandum

189 1928 355 2010 impetum,
377 1928 435 1990 tale
462 1927 541 2008 capit
559 1927 731 1990 consilium.
763 1926 921 2010 Certosffl)
938 1929 1032 1992 mittit
1059 1931 1116 1993 bo·

190 2026 340 2089 minusad
365 2025 484 2086 infimos
506 2033 635 2102 montes,
659 2025 711 2105 qui
734 2024 814 2087 obvii
833 2035 919 2088 erant
936 2025 1039 2089 itineri
1061 2027 1117 2090 ad·

188 2123 407 2199 versariorum
428 2122 534 2203 hisque
557 2122 725 2205 praeeepit,
741 2131 776 2183 ut
793 2121 889 2202 prima
904 2130 1004 2200 noete,
1026 2143 1116 2205 quam

191 2221 335 2284 latissime
358 2220 484 2302 possint,
503 2220 586 2298 ignes
603 2219 714 2282 iaciant
726 2238 814 2301 quam
835 2220 979 2282 maximos
992 2220 1054 2302 (3);
1069 2229 1118 2283 at·

188 2338 248 2402 que
278 2319 331 2380 hos
361 2319 493 2381 secunda
513 2317 613 2395 vigilia
632 2317 679 2399 (d)
707 2318 863 2397 minuant;
890 2317 977 2380 tertia
1004 2317 1120 2399 perexi-

187 2435 263 2496 guos
284 2415 428 2493 reddant;
439 2426 490 2491 et,
510 2414 689 2476 adsimulata
705 2422 868 2477 castrorum
883 2414 1115 2490 consuetudine,

188 2513 388 2595 suspicionem
407 2511 544 2574 iniieiant
562 2510 697 2574 hostibus
710 2511 756 2572 his
770 2511 844 2573 loeis
862 2528 929 2572 esse
951 2518 1069 2588 eastra,
1081 2530 1117 2573 ae

187 2613 225 2674 do
242 2629 344 2674 eorum
368 2609 494 2672 adventu
516 2625 582 2671 esse
603 2607 867 2689 praenuntiatum:
893 2606 1038 2687 idemque
1057 2625 1116 2688 po·

186 2719 267 2772 stara
288 2715 375 2791 nocto
392 2705 514 2768 iaciant.
535 2703 649 2777 Quibus
663 2705 844 2786 imperatum
866 2712 931 2779 est,
954 2702 1118 2782 diligenter

187 2815 379 2890 praeceptum
399 2811 514 2867 curant.
539 2802 716 2881 Antigonus,
733 2801 863 2864 tenebris
877 2799 1002 2877 obortis,
1028 2801 1116 2880 ignes

187 2905 394 2987 consopiretur,
415 2901 509 2964 eredit
531 2899 568 2963 de
589 2918 643 2962 suo
668 2898 794 2962 adventu
821 2916 889 2960 esse
907 2896 1065 2977 auditum,
1085 2907 1115 2962 et

184 3103 191 3122 ¹
216 3089 247 3149 (tt
264 3090 333 3148 Quod
349 3088 383 3150 (ut
396 3101 468 3149 supro
480 3088 520 3147 uiti
536 3089 606 3144 longe
618 3088 677 3133 inter
688 3097 713 3133 se
729 3084 891 3133 discesserant.

218 3157 251 3217 (2)
264 3157 404 3217 Exploratus
419 3154 476 3200 fidei
490 3157 515 3201 et
525 3155 623 3200 virtutis.

219 3223 250 3284 (d)
266 3224 323 3270 itai:
340 3222 385 3268 Cbe
399 3222 424 3266 et
440 3221 554 3280 fardello
576 3225 638 3268 nette
649 3232 695 3279 per
709 3219 861 3277 tunpbteotmo
885 3221 957 3264 trotto
983 3218 1114 3263 accadens

184 3292 337 3350 grandissimi
348 3290 433 3345 fuoebt.

217 3356 247 3415 (t)
256 3357 310 3406 ,Non
324 3356 385 3416 apud
400 3357 516 3402 Romanos
530 3355 553 3401 in
573 3356 675 3413 quatuor
689 3352 779 3410 vigilius
788 3350 948 3410 dividebatur,
964 3350 998 3396 sie
1015 3361 1029 3394 a
1042 3350 1130 3408 vigili-¹

185 3426 230 3471 bus
242 3424 320 3488 (nobb
330 3424 408 3478 scelte)
422 3425 558 3483 appellatam
573 3423 614 3468 sed
629 3422 668 3468 hta
682 3419 802 3467 cornelius
818 3419 916 3476 tertiam,
928 3419 955 3463 ut
970 3417 1115 3476 postremam

186 3493 310 3546 memorat,
321 3502 350 3538 eo
364 3490 429 3549 quod
444 3491 536 3536 Graeets
551 3491 573 3534 tu
589 3490 636 3536 tres
648 3486 812 3534 tantummodo
828 3485 907 3545 partes
922 3482 1078 3531 dtvtderetur.
