2452 3938
155 193 215 272 loe
513 227 716 274 nruurnounus

194 316 270 381 VIII.
290 317 450 400 Postquam
471 319 592 382 domum
610 320 739 382 reditum
767 329 831 399 est,
856 321 986 402 collegae
1015 324 1087 391 elus

152 413 350 481 hoc-crimme
367 416 593 479 accusabantur.
608 415 721 489 Quibus
739 416 789 481 ille
803 420 941 498 permisit
957 440 1085 486 omnem

152 522 184 575 ut
202 531 323 576 eausam
338 514 413 575 inse
431 502 638 591 transferrent,
653 533 766 595 suaque
778 533 868 595 opera
879 516 991 579 Iactum
1009 537 1095 583 oon.

151 610 324 686 tenderent,
345 619 378 670 ut
394 609 453 687 legi
471 629 531 672 non
550 609 718 673 obedirent.
743 608 808 682 Qua
826 611 1001 675 defensione
1020 612 1084 678 illis

153 706 284 786 periculo
308 705 460 782 libemus,
488 725 576 770 nemo
600 707 837 789 Epaminondam
863 727 1095 790 responsurum·

151 801 286 882 putabat,
307 803 385 885 quod
401 803 471 885 quid
492 804 604 867 diceret
621 823 680 866 uon
700 803 833 866 haberet.
854 804 892 866 At
913 805 964 867 ille
982 806 1015 867 iu
1034 807 1094 872 iu·.

151 898 260 959 dicium
280 900 372 978 veuit;
394 901 466 962 nihil
482 919 584 963 eorum
604 901 733 981 negarit,
752 920 830 982 quae
848 902 1009 965 adversarii
1023 904 1094 967 cri-1

151 995 225 1057 mini
244 994 370 1074 dabant3
387 998 560 1079 omniaque,
580 1016 657 1080 quae
675 998 807 1076 collegae
824 997 976 1075 dixerant,
1001 1017 1093 1063 cou-.

150 1092 246 1154 lessus
265 1100 321 1172 est;
339 1111 436 1175 neque
448 1095 595 1157 recusavit
609 1093 768 1178 quominus
783 1094 857 1173 legis
871 1097 1083 1176 poenamsub-

148 1188 223 1268 iret,
246 1190 299 1252 sed
325 1210 418 1252 unum
438 1191 513 1253 ali’'
494 1211 530 1253 us
548 1192 670 1274 petivit,
699 1199 732 1253 ut
753 1191 785 1253 in
803 1191 935 1272 periculo
954 1190 1002 1272 (I)
1022 1211 1081 1256 suo

148 1287 355 1350 Inscriberent:
375 1289 600 1368 Epaminondas
618 1308 636 1351 a
654 1289 796 1352 Iliadamis
807 1296 900 1351 morte
917 1290 1093 1363 mutuatae,

148 1391 201 1458 est,
217 1385 298 1463 qaod
307 1402 354 1446 eos
371 1386 462 1464 coepit
479 1387 558 1465 apad
567 1387 693 1446 Leuctra
709 1383 756 1464 (ἓ)
770 1401 913 1465 superare
932 1385 1081 1449 Lacedae·

146 1482 278 1557 moaios,
299 1499 387 1559 qaas,
402 1485 472 1544 arete
494 1499 524 1543 se
538 1481 762 1560 imperatorem,
782 1499 867 1544 reema
884 1482 1082 1557 Boeotioram

146 1593 238 1639 austes
255 1576 314 1656 fuit
331 1577 531 1657 adspicerem
548 1579 621 1654 acie3
647 1578 779 1657 quodque
799 1597 859 1641 aaa
880 1579 995 1659 proelio
1011 1587 1082 1671 riqis

146 1672 241 1734 solum
261 1674 367 1736 Terras
384 1675 419 1736 ab
437 1675 562 1737 interitu
573 1676 713 1752 retranit,
732 1676 783 1737 sed
799 1675 888 1737 etiam
901 1675 1109 1748 certioersam·¹

148 1771 332 1834 Graeoam
320 1789 355 1833 m
372 1772 533 1834 libertatem
550 1771 831 1850 vindemiamque
849 1789 897 1834 res
914 1780 1089 1837 atrorum-

145 1885 200 1948 que
216 1869 371 1948 perclusit,
390 1877 423 1931 tet
437 1869 567 1931 Thalami
584 1869 723 1950 Spartam
740 1877 965 1949 oppaprtareat,
984 1869 1079 1932 Laee-

144 1965 294 2028 daemom'i
315 1968 388 2029 satis
416 1967 574 2043 laterem,
601 1968 628 2029 si
644 1967 721 2029 salui
741 1983 801 2029 esse
820 1975 936 2046 possent
947 1989 962 2039 ;
979 1982 1078 2044 meque

139 2063 228 2142 prius
240 2064 347 2126 bellare
365 2064 485 2141 destitit,
502 2082 601 2142 quam,
621 2064 751 2130 Messene
765 2063 812 2144 (3)
827 2064 998 2140 constituta,
1017 2081 1076 2127 aar·

145 2160 207 2221 lem
227 2177 331 2222 eoram
348 2161 497 2223 adsidioae
521 2161 627 2224 clausit
654 2160 714 2241 (I).
738 2159 818 2221 llaec
840 2177 907 2220 eum
936 2158 1074 2238 dixisset,

144 2255 223 2318 risus
242 2257 375 2318 omnium
392 2276 458 2318 oum
478 2257 627 2319 hilaritate
646 2266 764 2319 coortus
788 2263 852 2332 est,
872 2274 969 2336 neque
985 2256 1078 2338 quis-

144 2370 233 2432 quam
261 2353 350 2415 iuder
372 2373 462 2416 ausus
486 2362 531 2416 est
557 2354 593 2416 de
619 2373 653 2416 eo
673 2354 750 2416 lerre
772 2352 958 2432 suffragium.
986 2351 1074 2427 Sica

142 2447 253 2511 iudicio
267 2450 372 2530 capitis
392 2451 520 2512 masalma
537 2450 672 2514 discessit
689 2450 794 2530 gloria.

66 2576 136 2619 ,Μ
184 2543 233 2606 ΙΧ.
261 2545 316 2607 llic
341 2555 471 2609 extremo
503 2555 634 2628 tempore
663 2549 824 2629 imperator
852 2546 929 2629 apud
959 2544 1072 2610 llantl-

142 2660 230 2744 ueam
249 2643 309 2723 (5)
329 2662 397 2705 eum
410 2643 474 2706 acie
487 2643 630 2707 instructa
649 2645 794 2707 audacius
807 2645 935 2710 instaret
953 2644 1070 2717 hoster.

171 2785 202 2847 tl)
219 2786 246 2835 In
262 2781 349 2838 tabulis
364 2790 394 2838 de
409 2791 575 2854 damnatlone;
594 2801 726 2893 porrectam
740 2801 785 2846 hoo
800 2805 871 2849 seusu
891 2803 988 2855 forense
1003 2819 1074 2855 voee-

142 2858 225 2908 bulum
241 2865 283 2910 ost.

173 2934 203 2993 12)
219 2937 329 2984 Boeollae
344 2939 457 2998 oppidum
469 2941 531 2988 Inter
545 2941 659 3003 'Ihesplas
675 2945 698 2991 et
713 2946 823 2994 Plateam.

172 3006 205 3065 ld)
220 3011 325 3058 ltlessenll
342 3013 407 3072 olim,
420 3015 501 3060 multis
516 3015 539 3061 et
557 3016 675 3064 diuturnis
691 3019 760 3065 hellis
776 3019 805 3066 de
820 3021 896 3069 salute
911 3035 939 3070 ae
959 3025 1082 3076 libertate'

141 3091 196 3126 cum
211 3082 404 3130 Lacedaemonos
418 3087 558 3146 conflictati,
582 3087 612 3133 ad
628 3091 759 3138 extremum
779 3092 803 3136 ln
828 3082 911 3140 luoru'm
931 3099 1072 3148 semilutern

141 3151 234 3199 Inerant
253 3155 349 3201 redacti
364 3157 431 3203 Iunc
447 3161 532 3215 autom
548 3159 664 3218 depressis
683 3161 714 3206 ul>
734 3162 895 3221 Epaminonda
915 3167 1073 3217 Lacedaemo·

142 3224 235 3271 ntorum
251 3226 329 3286 rebus,
344 3230 367 3277 et
382 3232 487 3277 Messenii
503 3235 525 3277 ln
542 3231 673 3280 tillet-tatem
689 3246 714 3281 se
730 3236 886 3298 vlndIcurunt,
910 3242 934 3287 el
957 3242 1072 3302 Messene,

143 3294 199 3342 urbs
216 3301 339 3347 Messeniae
353 3306 432 3362 caput,
455 3307 557 3351 excitata
573 3309 607 3352 eat
622 3309 685 3353 tutor
701 3309 787 3355 rudera
802 3312 868 3370 arcis,
889 3325 952 3370 quae
973 3315 1029 3362 olim
1045 3316 1072 3362 In

141 3373 220 3417 ruonte
236 3372 326 3418 Ithome
341 3373 417 3422 luerat
431 3379 569 3437 constituta,
584 3381 680 3438 atquoa
696 3384 815 3442 spartanis
830 3396 920 3438 eversa

168 3443 251 3513 (⁴⁸.OE
269 3447 349 3503 Igeeil
360 3460 408 3507 cap.
425 3450 451 3494 Vl

170 3518 202 3574 (5)
218 3518 330 3566 Arcadiae
346 3522 437 3570 urbem.
455 3525 624 3572 recentioribus
642 3528 777 3586 Tripolim
792 3531 942 3591 appellatam.
