2452 3938
178 248 238 312 136
576 264 703 310 rnocron
723 324 728 335 Ι

176 363 311 421 steterat.
339 353 403 428 Qua
421 356 457 419 de
475 375 507 420 re
531 376 569 418 ne
588 356 746 438 perorandi
763 354 883 437 quidem
911 355 938 419 ei
964 355 1033 420 dele
1058 367 1104 420 eet

178 453 302 516 facultas
317 462 347 516 et
366 454 484 517 dicendi
502 452 719 516 censam'lnde
739 451 860 528 iudicio,
876 451 1017 532 legitimis
1036 455 1106 535 qni·

180 549 305 612 hosdem
324 551 479 628 conlectis,
499 551 668 628 damnatus,
688 549 811 615 traditus
828 557 872 612 est
896 548 1036 612 undecim
1058 549 1106 612 ri-

179 647 221 708 ris
240 646 300 726 (l),
317 647 426 728 quibus
441 648 478 709 acl
492 648 684 730 supplicium,
705 666 787 710 more
798 645 1036 723 Atheniensium,
1050 665 1107 733 pu·

165 743 257 808 ·blice
276 743 410 806 damnali
432 745 506 833 lradi
520 746 628 808 solent.
653 744 708 808 Hic
725 763 792 807 curu
813 744 849 806 ed
867 751 991 807 mortem
1010 730 1108 807 duce-⁶

181 849 275 916 retur,
297 839 401 903 obvius
419 841 447 904 ei
466 842 522 905 luit
534 842 738 924 Emphplelus‚
753 861 811 924 qno
833 839 1020 903 familiariter
1035 841 1106 904 lne-

181 945 227 998 rel
247 954 330 998 usus.
351 936 379 1000 ls
402 957 470 1001 curn
486 939 650 1022 lacrymans
675 939 812 1002 dixisset:
835 936 1107 1019 ooeoeoiocipoo

177 1035 353 1115 perpetuis,
367 1036 512 1100 Phocion!
526 1037 595 1099 hnic
615 1038 675 1100 ille:
692 1046 723 1100 ol
739 1053 801 1099 noo
816 1034 979 1114 inopinato,
994 1034 1111 1116 inquit.'

182 1129 268 1192 Hunc
291 1133 371 1195 enim
386 1134 495 1197 exitum
513 1135 645 1217 plerique
662 1133 733 1197 clari
751 1132 806 1194 viri
829 1132 997 1193 habuerunt
1017 1131 1106 1192 ethe-

182 1228 302 1292 nienscs
315 1229 374 1312 (ἓ).
388 1230 422 1294 ln
441 1231 496 1295 hoc
508 1233 556 1314 (3)
570 1242 683 1295 leolum
702 1231 757 1293 luil
773 1229 874 1292 odium
891 1227 1106 1304 multitudinis,

183 1334 216 1387 ul
234 1344 321 1387 nemo
334 1346 424 1391 ausus
436 1329 474 1392 sit
492 1348 560 1392 euru
575 1329 667 1392 libere
679 1327 805 1409 sepelire
822 1325 881 1406 (l).
899 1323 1002 1405 ltaque
1017 1341 1108 1386 eser-

182 1422 226 1484 vis
240 1427 374 1504 sepultus
392 1436 448 1488 esl.

503 1828 506 1833 ,
614 1742 678 1809 xx.

474 1963 852 2047 linonicum

230 2267 255 2332 1.
275 2268 451 2346 Timoleon,
471 2266 645 2331 corinthius.
672 2262 743 2328 Sino
761 2261 851 2325 dnbio
876 2279 1019 2340 magnos,
1044 2280 1113 2324 om·

190 2366 273 2430 nium
293 2368 416 2443 iudicio,
431 2366 480 2428 hic
497 2364 541 2426 rir
555 2362 659 2427 extitit.
678 2360 811 2442 Namque
824 2358 894 2420 huic
908 2358 960 2419 uni
975 2358 1111 2437 contigit,

191 2463 272 2544 quod
288 2465 386 2527 nescio
405 2482 441 2526 an
458 2461 522 2537 ulli,
542 2469 575 2523 ul
593 2468 623 2522 el
641 2458 779 2540 patriam,
799 2456 830 2518 in
848 2474 908 2538 que
929 2462 993 2517 eret
1011 2464 1114 2532 natus,

193 2578 363 2642 oppressam
380 2580 396 2622 a
414 2568 536 2640 tyranno
563 2555 719 2631 liberaret,
740 2562 770 2616 el
787 2572 804 2616 a
821 2550 984 2634 Syracusis,
1003 2551 1115 2633 quibus

193 2647 1115 2732 auxilioeratmissus,inveteratamservitutemdepellerec(5),

193 2761 345 2839 &lacuque
360 2752 504 2830 Siciliam,
526 2751 634 2813 mullos
653 2767 746 2837 ann-os
760 2747 837 2810 hello
851 2754 997 2823 seratam,
1016 2745 1117 2807 ebar-

226 2954 256 3014 (l)
272 2956 315 3014 Qul
329 2954 451 3014 suppliciis
467 2948 608 3011 peragendis
620 2946 760 3006 praeessent.
773 2947 799 2990 ul
812 2941 1041 3000 lrlnmvlrlcrpileles
1053 2940 1117 3000 opud

197 3022 321 3071 llomanos.

228 3092 258 3152 (2)
274 3093 335 3139 lineo
350 3101 445 3150 quoque
458 3088 530 3135 uerbo
551 3086 618 3132 Hunc
633 3087 695 3130 enlm
709 3084 753 3128 elo.
769 3095 784 3128 e
798 3078 914 3126 nonnullis
928 3077 1044 3123 habentur
1061 3077 1119 3122 lanu·

197 3170 267 3216 quem
282 3172 296 3204 a
318 3158 434 3204 Phocione
456 3157 562 3215 prolatu
578 3151 620 3199 sed
635 3148 740 3198 modeste
753 3149 800 3194 vlrl
815 3156 915 3207 persone
929 3145 959 3190 eb
974 3143 1018 3190 hec
1034 3154 1078 3190 nos
1092 3157 1118 3190 o·

197 3227 295 3288 pinlone
310 3227 411 3273 deducit
949 3279 955 3288 ἡ

151 3286 155 3292 ’
228 3295 261 3353 (ὅ)
278 3295 370 3342 llecllue
384 3296 408 3337 lo
423 3291 492 3351 hone,
507 3299 648 3348 quemquem
664 3286 709 3333 elle
723 3283 829 3343 exempla
844 3291 892 3326 non
908 3278 990 3324 neunt
1101 3345 1107 3356 ·

228 3362 263 3423 ll)
278 3365 329 3411 llon
351 3362 415 3409 enlm
437 3357 521 3407 licebel
535 3357 611 3418 polum
627 3367 668 3402 eos
689 3353 794 3413 sepellre,
810 3350 851 3408 qui
866 3348 964 3394 crlm'rne
978 3345 1121 3406 prorllllonrr

199 3431 299 3481 lennem
313 3430 425 3477 nomnen.
469 3474 471 3479 ,

232 3499 262 3561 llll
276 3499 449 3557 vinnulorum,
464 3496 506 3553 qul
520 3493 637 3550 sexoglnlo
650 3491 697 3536 lom
713 3500 789 3536 rnnos
800 3486 889 3536 Slcllloe
902 3484 1049 3544 imperarent.
