2452 3938
489 229 634 290 nuuruns'
959 231 1015 293 i3i

98 337 236 419 honesta,
259 343 290 398 et
306 334 417 414 viribus
440 335 477 400 ad
496 336 628 399 laborem
646 336 801 401 terendum
831 337 1020 417 firmisque·

98 453 157 518 que
171 441 232 496 tam
255 451 360 511 magno
375 451 499 514 corpore
515 452 603 514 quam
617 434 711 512 figura
727 443 860 497 venusta.

107 608 109 613 .
138 528 202 594 xii.
221 526 264 591 lie
283 529 339 591 hoc
359 528 547 607 Antigonus,
570 548 637 593 cum
657 531 738 594 seius
756 529 935 594 constituere
957 550 1017 597 uon

96 626 233 714 auderet,
252 626 289 688 ad
304 625 462 704 consilium
488 622 599 705 retulit.
620 624 674 688 Hie
702 645 769 690 cum
799 614 935 709 plerique
954 646 1018 690 om·

97 724 211 807 nesti)
228 722 324 806 primo
339 718 503 804 perturbati
525 722 753 800 admirarentur,
772 742 832 787 non
851 723 911 786 iam
931 724 968 786 de
981 743 1019 789 eo

95 830 229 888 sumtum
248 837 313 898 esse
329 819 523 901 supplicium,
541 839 560 882 a
578 838 636 901 quo
656 828 698 883 tot
716 839 811 883 annes
828 819 902 883 adeo
920 829 1021 884 essent

97 919 176 982 maie
193 915 305 995 habiti,
326 925 358 978 ut
375 917 521 998 saepeyad
548 917 784 999 desperationem
807 906 905 980 iurent
927 917 1020 981 addu-

96 1015 156 1092 cti,
175 1013 287 1096 quiquo
306 1013 450 1075 maximos
476 1012 567 1090 duces
590 1004 804 1092 interseruissem
829 1014 958 1096 denique
985 1013 1017 1076 in

97 1130 235 1199 quoquo
252 1118 330 1172 esset
350 1117 483 1188 tantum,
497 1118 551 1187 ut,
570 1109 667 1190 quoad
685 1109 736 1172 iiie
755 1111 876 1186 vireret,
896 1110 953 1191 ipsi
971 1129 1019 1179 se·

98 1209 162 1275 curi
183 1205 326 1289 essenon
351 1214 492 1288 possent,
510 1206 689 1283 interiecto,
713 1206 788 1268 nihii
807 1206 939 1291 helpituri
968 1225 1019 1270 ne·

97 1302 168 1389 potii
186 1312 304 1382 essent3
322 1311 495 1384 postremo,
514 1303 540 1366 si
556 1302 600 1369 iili
614 1302 752 1366 redderet
769 1292 908 1379 salutem,
928 1302 1018 1385 quae-⁴

97 1404 204 1485 rebant
215 1400 262 1482 (i)
281 1399 390 1482 quihus
407 1400 511 1464 amicis
534 1409 613 1464 esset
629 1418 755 1477 usurus3
771 1417 831 1464 sese
847 1399 928 1463 etaim
951 1417 1019 1465 eum

97 1502 233 1583 Eumene
252 1496 414 1578 eptaticum
431 1515 501 1574 ,neo
524 1498 666 1579 futuros:
683 1497 747 1576 hic,
766 1498 882 1575 cognita
900 1497 1018 1560 consilii

97 1593 266 1681 uoluntate,
294 1595 393 1673 tamen
417 1612 511 1674 usque
540 1593 575 1655 ad
608 1593 767 1676 septimum
795 1592 874 1657 diem
901 1591 1018 1656 delibe-

97 1693 184 1781 randi
201 1691 258 1755 sihi
274 1691 402 1772 spatium
416 1691 548 1772 reliquit.
568 1689 643 1753 Tum
663 1699 783 1769 sulem,
800 1690 945 1761 cumiani
965 1710 1018 1755 ve·

96 1798 225 1868 reretur,
244 1806 282 1852 ne
303 1805 368 1869 qua
397 1786 502 1864 seditio
524 1787 670 1851 exercitus
699 1787 844 1864 oriretur,
870 1788 964 1851 vetuit
981 1787 1018 1850 ad

99 1907 166 1953 eum
185 1903 366 1972 quemquam
384 1884 512 1962 admitti,
531 1894 561 1948 et
578 1884 783 1966 quotidianum
811 1876 918 1947 rictum
937 1903 1021 1947 amo·

98 1974 159 2051 reri
177 1983 277 2064 iussit.
292 1981 365 2045 Nam
384 1982 521 2061 negabat,
541 2001 572 2047 se
588 1983 616 2046 ei
638 1983 698 2049 vim
716 1982 890 2070 citaturum,
908 1981 960 2061 qui
981 1997 1018 2044 o·

99 2076 243 2165 liquando
259 2081 363 2162 fuisset
376 2080 499 2144 amicus.
522 2079 576 2165 Hic
592 2074 691 2155 tam'en
709 2098 767 2141 non
788 2079 915 2160 amplius
928 2098 1017 2160 quam

100 2179 230 2243 triduum
256 2178 334 2239 lame
358 2176 510 2255 fatigatus,
541 2195 607 2238 cum
632 2184 729 2239 castra
748 2183 950 2253 moverentur,
968 2176 1019 2238 in·

100 2274 214 2361 sciente
229 2272 390 2354 Antigono,
412 2274 560 2352 iugulatus
579 2281 623 2337 est
639 2292 658 2335 a
679 2271 863 2335 custodibus.

100 2459 165 2507 sulae
178 2458 220 2505 iliu
234 2458 305 2505 verba
319 2471 390 2516 aeque
405 2460 430 2505 tat
448 2456 543 2517 fabum,-
564 2460 655 2506 nosmet
676 2460 738 2505 enim
753 2458 838 2505 scimus
853 2469 881 2504 ex
895 2458 1021 2518 superiori·

100 2525 237 2574 nestabus.
260 2524 305 2571 Sed
321 2527 364 2571 riri
379 2525 443 2572 docti
461 2527 573 2573 mirantur
587 2527 712 2586 praecipua
728 2524 787 2572 iilud
806 2536 861 2570 nom
873 2558 879 2584 ,
893 2526 935 2582 qut
949 2527 1019 2585 longe

100 2594 193 2641 dissitas
206 2593 375 2650 significatione
387 2592 552 2640 antecedentes
567 2595 592 2640 et
602 2593 774 2650 consequentes
796 2605 833 2639 res
848 2591 917 2638 simui
937 2605 1020 2640 conso·

100 2664 162 2709 ctare
173 2660 272 2720 ridetur,
288 2672 340 2706 narn
355 2672 479 2720 perperam
494 2661 642 2707 anonnuiils
656 2662 753 2707 sumitur
768 2654 885 2718 tamquam
906 2663 1020 2718 particula

100 2728 193 2777 neuma.
208 2727 270 2786 quio
284 2729 304 2774 st
325 2726 432 2786 tortasse,
456 2729 578 2776 cornelius
593 2740 667 2786 quum
682 2729 763 2788 primis
778 2729 837 2774 ceris
850 2727 896 2776 hoc
911 2741 981 2788 nom,
996 2732 1020 2774 et

100 2808 161 2857 quae
175 2796 206 2843 de
221 2795 330 2842 Eumenis
344 2794 419 2842 iorma
433 2799 572 2855 sequuntur,
587 2808 640 2843 cum
654 2796 699 2843 iliis
713 2797 877 2842 continuasset:
893 2796 965 2839 matti
985 2800 1019 2840 et·

101 2869 158 2925 iam,
171 2866 216 2924 qut
227 2866 276 2909 stae
289 2865 390 2918 [ormam
404 2868 456 2923 etc.;
473 2867 552 2925 postea
566 2876 623 2912 veru
638 2863 668 2910 de
682 2865 724 2911 illo
739 2862 878 2909 Onomarchi
896 2865 920 2908 el
937 2862 1019 2908 Eume·

102 2933 138 2979 nis
151 2931 272 2988 colloquio
290 2931 387 2977 maxime
413 2931 527 2978 memoria
546 2930 626 2991 digne,
641 2930 704 2990 apud
719 2930 820 2986 aliquem
834 2928 970 2986 scriptorem
985 2931 1021 2974 ln·

102 2999 210 3058 renuet,
228 2996 275 3043 hcc
290 2997 436 3054 colloquium
451 3009 573 3056 perperam
593 3009 641 3056 quo
656 2999 710 3042 ioco
732 2998 824 3054 iegitur,
840 2995 880 3040 aut
895 2996 944 3053 ipse
959 2997 1022 3059 inter

103 3065 183 3112 lituras
198 3066 222 3111 ei
236 3063 410 3110 emendationes
424 3065 531 3124 luseruit,
553 3065 593 3111 aut
612 3065 637 3110 in
660 3063 767 3121 margine
788 3063 906 3107 exaratum
932 3061 1022 3109 librarii

103 3132 253 3191 descripsere,
278 3130 333 3177 duri
353 3132 480 3190 capitones,
501 3133 527 3177 ut
545 3133 631 3177 scimus
648 3129 659 3176 t
675 3129 722 3176 lloc
745 3126 852 3174 iactiiime
866 3127 917 3174 iierl
938 3131 1021 3188 potuit,

104 3209 197 3258 quum,
218 3201 245 3246 ut
261 3209 332 3257 supra
356 3198 444 3245 dictum
466 3201 508 3259 est,
532 3200 658 3245 extremm
674 3198 729 3244 huic
744 3198 814 3256 cnplti
830 3207 924 3244 manum
939 3199 1022 3244 auctor

104 3264 167 3312 haud
182 3267 214 3313 ita
227 3268 365 3325 imposuisse
378 3267 490 3312 videatur.

133 3334 164 3392 tt)
180 3335 267 3380 Graece
281 3334 393 3392 loquendi
408 3335 474 3395 rati03
489 3335 557 3382 sitici
571 3346 684 3392 nomque:
702 3335 801 3385 πλείονες
817 3337 910 3386 πάντες.

132 3401 163 3460 [2)
177 3401 217 3448 liic
233 3402 319 3448 nimius
334 3403 431 3448 huiusce
446 3401 536 3461 periodi
561 3401 661 3448 ambitus
680 3401 813 3448 Cornelium
835 3399 925 3460 ieistilt,
943 3401 970 3449 ui
985 3402 1021 3448 iu·

108 3465 234 3517 &caurum
248 3471 369 3518 immutata
383 3471 479 3531 syntaxi,
494 3482 538 3532 pro
551 3469 698 3518 suintunctiro
713 3469 782 3518 mode
796 3471 944 3529 supponeret.
