2452 3938
197 236 236 299 'ii
624 250 695 298 nrou

194 341 352 426 Syracusas
367 341 494 419 reduxit,
509 341 661 405 hominem
675 343 803 407 amicum
818 363 877 406 uon
893 346 988 424 magis
1000 353 1122 426 tyranno

192 460 282 522 quam
303 439 462 522 tyrannidi.
479 436 537 501 Sed
556 439 593 501 de
607 439 663 502 hoc
683 441 714 502 in
730 459 765 503 eo
785 460 852 504 meo
865 441 942 504 libro
957 443 1121 523 pluiasunt

192 538 343 620 exposita,
363 536 422 616 'qui
441 537 485 600 De
502 537 650 600 historicis
677 538 863 618 conscriptus
885 547 930 600 est
953 537 1014 619 (i).
1039 537 1121 599 Plato

192 643 291 697 autem
310 642 424 696 tantum
448 633 528 714 apud
545 633 717 715 Dionysium
744 636 921 698 auctoritate
940 636 1050 716 potnit,
1069 653 1121 696 va·

190 731 307 812 luitque
322 731 512 811 eloquentia,
532 739 566 792 ut
587 730 615 792 ei
633 732 814 813 persuaserit
837 732 1000 814 tyrannidis
1023 733 1122 793 iacere

190 829 302 904 finem,
322 827 550 910 libertatemque
576 829 701 891 reddere
723 826 915 910 Syracusanis
933 829 994 910 (h).
1013 827 1040 890 A
1062 839 1121 910 qua

190 925 342 986 voluntate
360 923 477 987 Philisti
495 926 621 988 consilio
643 927 813 1005 deterritus,
833 926 986 1007 aliquanto
1009 926 1123 989 crude·

189 1019 247 1083 lior
268 1040 333 1084 esse
356 1022 464 1104 coepit.

230 1115 280 1180 IV.
298 1116 355 1189 Qui
374 1120 420 1200 (3)
440 1118 561 1201 quidem
580 1139 648 1182 cum
663 1119 787 1183 aDione
805 1139 838 1182 se
856 1120 990 1202 superari
1005 1119 1121 1185 rideret

187 1213 322 1295 iugenio,
342 1217 530 1294 auctoritate,
543 1235 644 1280 amore
662 1218 777 1300 populi,
796 1235 915 1293 verens,
935 1235 986 1293 ne,
1007 1217 1033 1279 si
1048 1237 1120 1280 eum

187 1331 288 1375 secum
307 1313 442 1392 haberet,
462 1316 592 1396 aliquam
616 1316 802 1377 occasionem
832 1314 878 1376 sui
905 1313 989 1376 daret
1012 1315 1118 1396 oppri—

187 1411 300 1487 mendi,
320 1431 424 1474 navem
444 1412 472 1474 ei
492 1413 643 1473 triremem
662 1411 763 1487 dedit,
783 1431 842 1492 qua
864 1410 1041 1474 Corinthum
1061 1412 1119 1474 de·

185 1507 353 1570 veheretur:
375 1508 534 1570 ostendens
552 1526 584 1570 se
599 1508 629 1569 id
649 1507 805 1589 utriusque
823 1508 922 1570 iacere
941 1526 1045 1586 causa,
1065 1528 1115 1587 ne,
1151 1514 1156 1521 '

185 1623 252 1665 cum
270 1605 348 1666 inter
366 1623 398 1666 se
423 1605 573 1682 timerent,
599 1605 743 1667 alteruter
760 1605 887 1667 alterum
913 1623 1116 1688 praeoccupa-

184 1708 229 1764 ret
244 1701 303 1782 (i).
320 1701 352 1762 ld
368 1719 435 1763 oum
450 1701 561 1764 iactum
574 1703 660 1765 multi
673 1703 912 1781 indignarentur,
926 1721 1115 1786 magnaeque

183 1807 263 1861 esset
282 1799 410 1861 invidiae
430 1807 570 1880 tyranno,
586 1799 760 1882 Dionysius,
784 1800 886 1863 omnia
904 1819 981 1882 quae
1001 1801 1113 1863 moveri

183 1904 321 1978 poterant
338 1896 453 1974 Dionis,
473 1897 506 1958 in
524 1916 614 1960 naves
634 1898 788 1979 imposuit,
805 1897 842 1960 ad
867 1915 998 1979 eumque
1016 1897 1108 1961 misit.

182 1991 232 2057 Sic
245 1995 325 2058 enim
345 1995 507 2059 existimari
525 1995 657 2073 nolebat,
681 1995 711 2056 id
731 2014 775 2072 se,
795 2013 854 2057 non
876 1994 944 2055 odio
968 1994 1113 2073 hominis,

183 2092 236 2157 sed
254 2110 327 2154 snae
345 2093 449 2155 salutis
465 2093 571 2155 iecisse
589 2112 691 2155 causa.
710 2091 817 2155 Postea
833 2110 902 2153 vero
918 2086 1009 2173 qua'm
1026 2091 1113 2154 audi-

182 2191 224 2253 uit
241 2209 310 2254 eum
328 2191 360 2252 in
388 2190 593 2272 Peloponneso
626 2209 748 2253 manum
772 2207 969 2271 comparare,
993 2188 1116 2271 sibique

182 2286 294 2349 bellum
313 2288 410 2351 iacere
425 2288 538 2365 conari,
563 2289 685 2365 Areten,
710 2286 814 2351 Dinnis
834 2303 968 2362 uxorem,
984 2285 1037 2347 alii
1052 2304 1112 2347 nu·
1134 2334 1137 2343 .

105 1762 126 1794 a.
136 1751 177 1796 358

181 2465 258 2511 lorum
273 2464 296 2510 et
310 2465 473 2523 Aegyptiorum
488 2472 527 2507 res
540 2459 574 2506 xri
589 2459 662 2518 libris,
678 2469 741 2504 nunc
757 2457 901 2517 deperditis,
915 2467 945 2502 eo
960 2456 1022 2512 stylo
1034 2454 1115 2511 diges

180 2533 220 2589 sit,
235 2533 262 2577 ul
276 2533 356 2577 Cicero
376 2543 435 2589 pene
451 2528 561 2587 pusillum
577 2526 744 2585 ‚Thucydidem
759 2525 877 2584 appellare
897 2534 946 2568 non
960 2521 1114 2569 dubitaverit.

181 2598 286 2646 'laidem
301 2610 365 2655 vero,
375 2596 484 2654 Dionysio
499 2596 592 2640 iuniore
607 2596 726 2652 regnante,
742 2593 772 2639 ab
788 2593 871 2638 cnsilio
886 2592 1016 2649 revocatus,
1032 2589 1075 2635 diu
1085 2592 1111 2633 ut

181 2665 283 2727 principi
298 2665 398 2709 invisum
419 2664 519 2708 Dionem
542 2663 670 2720 praestaret
689 2663 724 2707 est
746 2659 900 2719 obluctatus3
916 2657 993 2702 donee
1013 2654 1115 2701 exarde-

179 2736 261 2794 scente
270 2732 332 2779 bello
346 2733 406 2777 inter
421 2731 518 2777 Dionem
533 2732 557 2776 ct
568 2729 708 2788 Dionysium,
721 2730 798 2784 regiae
810 2725 879 2772 classi
890 2721 1029 2784 praelectus.
1043 2732 1075 2767 na
1086 2725 1111 2770 iu

179 2804 286 2854 bostlum
299 2812 382 2847 manus
394 2799 492 2858 venirat,
505 2798 604 2843 mortem
620 2797 669 2843 sibi
682 2796 802 2842 conscivit.

212 2873 241 2935 (i)
257 2870 382 2929 Temporis
397 2867 483 2914 iniuria
497 2867 650 2913 desideratur.

210 2941 241 3003 (2)
258 2940 338 2986 tiebat
353 2937 483 2996 Dionysius,
498 2935 556 2981 velle
570 2948 595 2981 se
607 2935 739 2992 exemptum
754 2933 872 2991 Syracusis
886 2932 949 2978 illius
964 2935 1110 2993 reipublicae

180 3010 317 3066 ostendere,
340 3017 409 3064 quam
430 3002 494 3049 Plato
509 3003 600 3063 podiiee
616 3003 699 3058 magis,
714 3012 785 3058 quam
801 3000 831 3046 ad
855 2999 978 3047 hominum
998 3004 1130 3053 naturam·

179 3079 347 3138 comparatam,
363 3073 541 3130 excogitauerat.
556 3070 602 3117 Sed
616 3081 630 3114 a
646 3069 740 3115 Philisto
757 3069 895 3128 deterritus,
911 3070 935 3116 ei
954 3067 1058 3119 iniectae
1073 3076 1110 3120 rei

179 3157 286 3193 caussam
309 3145 334 3189 in
354 3142 476 3187 Platonem
491 3139 624 3198 transtulit,
647 3140 765 3194 tamquam
780 3137 820 3182 ille
834 3136 858 3180 iu
873 3136 992 3183 conuenta
1005 3142 1110 3188 consilia

178 3213 327 3270 discessisset,
342 3220 365 3255 et
380 3207 462 3254 mortis
477 3205 605 3252 discrimini
620 3204 719 3263 obiecit,
731 3216 747 3249 a
760 3215 810 3261 quo
825 3201 952 3261 Archytae,
967 3203 1108 3255 nobilissimi

178 3281 290 3327 letemini
301 3275 445 3336 philosophi,
460 3273 562 3320 amicitia
576 3274 611 3319 est
624 3273 744 3319 liberatus.

209 3346 240 3405 (i)
256 3344 384 3401 ltieuysiua.

205 3416 239 3473 it)
256 3415 315 3461 itala
331 3412 416 3459 Porcii
430 3424 478 3458 noa
491 3404 595 3457 noum
617 3410 688 3455 duno
705 3409 809 3455 oiiattro
828 3409 860 3457 da
876 3406 929 3465 {ore
941 3412 1038 3467 quoiates
1053 3414 1105 3460 aad

233 3496 249 3529 r.
