2452 3938
203 254 243 318 92
595 270 732 319 narium

201 366 301 442 dates,
321 382 408 443 gazae
435 363 482 446 (l)
500 372 598 426 custos
621 367 739 444 regiae,
766 363 879 428 amicus
900 365 1034 444 Datami,
1054 370 1135 450 per-'
1171 420 1175 429 .

199 463 309 544 scripta
327 463 354 526 ei
370 461 470 537 mittit,
486 461 516 522 in
535 460 643 543 quibus
661 462 762 524 docet:
781 481 849 526 eum
865 480 974 545 mcpno
990 466 1058 546 fore
1069 483 1129 546 pc-

198 559 306 635 ricnlo,
328 561 356 622 st
366 559 448 638 pald,
467 558 519 620 illo
536 559 700 638 imperante
717 561 751 622 ln
768 559 910 642 Aepppto‚
932 562 1050 625 moeret
1073 562 1135 626 de:

190 658 333 720 'cidissets
362 673 488 735 nompatc
514 673 578 718 com
600 673 660 719 esee
681 659 922 722 consuetudinem
944 675 1067 744 mmm,
1092 667 1131 723 nt

198 764 283 818 cutm
306 754 440 815 odoeccos
456 753 623 816 hominihus
650 755 799 829 tclhnont,
817 756 958 817 secundos
983 754 1131 836 fortunae

197 866 282 912 enee:
295 867 350 929 qno
361 849 429 928 fieri
439 850 568 930 nt'socile
579 849 772 930 impelluntur
786 852 825 913 od
836 868 939 913 eornm
946 852 1127 931 perniciem

199 963 325 1028 puerum
350 945 440 1008 dnctn
456 962 505 1008 rea
529 947 605 1009 mole
622 955 718 1028 postne
741 949 924 1011 nannenten
934 970 949 1022 ;
971 948 1130 1013 illum-hcc

198 1044 311 1107 melone
326 1044 396 1124 fore
411 1044 445 1105 in
466 1043 660 1120 discrimine,
685 1045 762 1123 pnod
783 1045 888 1124 pullas
912 1061 969 1106 ren
993 1047 1129 1110 menime

198 1140 323 1218 obediat,
342 1158 389 1203 cos
407 1141 509 1204 hohoot
536 1141 764 1204 inimicissimos.
795 1140 926 1203 Talibus·
940 1140 990 1204 ille
1016 1140 1127 1204 litteris

198 1238 345 1316 cognitis,
364 1254 431 1300 cum
457 1239 516 1298 iam
534 1238 570 1299 ad
590 1237 750 1300 exercitum
770 1237 850 1300 Acen
873 1236 1022 1314 venissen
1042 1240 1127 1318 quod

197 1354 258 1397 non
274 1335 429 1415 ignorabat
447 1354 482 1397 ea
498 1327 565 1396 rere
584 1334 714 1416 scripta,
735 1335 899 1396 desciscere
924 1353 942 1396 a
959 1351 1028 1414 rege
1047 1353 1141 1397 con·v

119 1432 304 1515 ..aastiluil-
323 1424 538 1511 Neque‘camen
559 1431 720 1511 quidquam
737 1431 818 1508 lecit,
835 1431 912 1511 quod
928 1431 986 1492 ude
1004 1450 1059 1493 sua
1077 1450 1128 1494 es·

197 1537 242 1590 set
259 1527 426 1604 indignum:
441 1545 507 1587 narn
522 1524 720 1588 Mandroclem
738 1524 900 1604 Magnetem
915 1527 963 1608 (h)
979 1528 1125 1591 exercitui

197 1623 350 1707 praefecit3
369 1623 432 1704 ipse
446 1641 514 1684 cum
532 1622 595 1684 suis
613 1622 644 1683 in
662 1612 878 1704 Cappadociam
890 1623 1026 1700 discedit,
1049 1642 1125 1686 eou-

197 1724 388 1802 iunctamque
413 1720 481 1781 huic
503 1719 733 1801 Paphlagoniam
765 1727 910 1801 occupat,
939 1721 1039 1784 celans
1063 1741 1125 1804 qna

197 1818 346 1880 voluntate
363 1825 442 1879 esset
459 1817 490 1878 iu
508 1835 620 1896 regern.
640 1817 720 1880 Clam
744 1837 811 1880 cum
834 1817 1033 1882 Ariobarzane
1051 1819 1125 1882 iacit

91 1933 93 1937 ’
197 1915 369 1992 amicitiam,
389 1931 509 1977 manum
528 1924 692 1996 comparat,
712 1914 801 1976 urbes
816 1914 945 1976 munitas
957 1914 1124 1978 suis'tuen·

196 2013 249 2076 das
265 2013 364 2074 tradit.

237 2108 287 2172 Vl.
302 2107 359 2172 Sed
375 2109 449 2171 haec
466 2118 587 2190 propter
599 2108 727 2170 hiemale
740 2116 856 2188 tempus
868 2107 968 2169 miuus
980 2118 1136 2191 prospere

196 2207 406 2289 procedebant.
426 2206 536 2283 Audit,
554 2205 668 2268 Pisidas
683 2204 829 2286 quasdam
857 2203 958 2286 copias
980 2205 1121 2270 adversus

197 2322 230 2365 se
251 2322 356 2384 parare
375 2304 434 2385 (3).
455 2303 564 2365 Filium
582 2322 617 2365 eo
637 2302 792 2364 Arsideum
812 2320 879 2364 cunr
898 2301 1029 2365 exercitu
1047 2305 1122 2386 mit·

197 2386 244 2449 tit.
262 2386 345 2450 cadit
363 2387 395 2449 in
413 2387 527 2468 proelio
552 2386 742 2449 adolescens:
769 2386 965 2467 proficiscitur
981 2404 1017 2448 eo
1035 2396 1123 2468 pater

197 2500 258 2545 non
273 2482 315 2544 ita
328 2502 396 2545 euru
415 2501 522 2562 magna
540 2501 642 2559 manu,
660 2484 760 2545 celans
778 2477 921 2563 qnantum
941 2483 1120 2547 vulnusac-

197 2579 346 2660 cepisset3
366 2579 446 2660 quod
472 2579 553 2660 prius
579 2579 616 2641 ad
636 2578 749 2642 hostem
779 2578 932 2660 pervenire
959 2579 1120 2660 cupiebat,

197 2695 286 2758 quam
305 2676 343 2739 de
361 2696 392 2739 re
418 2677 496 2738 male
513 2684 595 2754 gesta
612 2676 691 2737 lama
709 2677 746 2737 ad
765 2694 835 2738 suos
852 2674 1040 2756 perveniret,
1060 2695 1118 2751 ne,

196 2774 313 2852 cognita
329 2773 385 2836 lilii
404 2781 510 2850 morte,
526 2772 619 2835 animi
636 2772 864 2834 debilitarentur
885 2771 1025 2835 militum.
1052 2770 1120 2846 Quo
1179 2794 1182 2801 ·

196 2872 389 2936 contenderat
400 2871 544 2953 peruenit,
556 2871 661 2952 hisque
672 2870 745 2932 locis
759 2878 854 2932 castra
867 2868 962 2948 ponit,
975 2876 1009 2930 nt
1019 2887 1120 2952 neque

197 2969 405 3032 circumveniri
424 2968 613 3030 multitudine
632 2967 868 3029 adversariorum
885 2973 999 3045 posset,
1019 2984 1119 3048 neque

196 3066 337 3148 impediri
365 3065 526 3147 quominus
552 3064 816 3127 addimicandum
845 3079 965 3123 manum
993 3061 1120 3125 haberet

228 3287 260 3346 ll)
275 3288 364 3334 Persica
379 3300 431 3347 vor,
445 3301 505 3346 quac
520 3289 579 3345 regis
588 3289 704 3335 maurium
718 3300 761 3334 seu
773 3287 855 3333 liscum
864 3284 984 3342 argument

227 3356 259 3415 (ll)
274 3358 291 3402 A
306 3356 429 3412 Magnesia,
442 3354 559 3400 lonlorum
574 3355 634 3400 urbe
648 3356 673 3400 ln
688 3357 767 3401 curiae
783 3355 883 3411 remoue.

229 3423 261 3479 (ὅ)
272 3423 386 3468 viodarus
398 3424 476 3468 autem
491 3423 582 3468 Siculus
596 3424 652 3480 (xv,
666 3422 710 3482 9),
725 3422 860 3469 Artabazum
875 3417 1047 3478 capadociam
1067 3437 1123 3475 mm

197 3491 285 3548 ingenti
301 3492 403 3535 exercitu
419 3492 561 3547 ingressum,
576 3498 677 3544 cumque
693 3500 722 3534 ao
745 3489 852 3532 beminen
867 3485 1019 3532 decertavisse
1033 3497 1122 3540 narni
