2452 3938
107 355 111 361 ⁵
501 281 672 328 uuernrruus
1010 268 1051 331 55

36 428 45 443 ·
117 405 158 450 ao
177 383 203 447 si
220 384 304 447 solus
321 382 499 445 aduenisset.
526 380 574 444 Sic
593 383 673 445 enim
697 381 808 464 populo
834 389 898 443 erat
922 397 1048 461 persua-

117 501 206 560 sum,
226 480 415 545 etadrersas
436 480 621 561 superiores,
652 488 683 541 et
707 486 879 562 praesentes
903 476 1049 539 secundas

116 598 169 643 ros
180 577 406 661 accidisseeius
421 594 520 658 opera.
537 574 640 656 Itaque
655 586 685 638 et
700 574 819 638 Siciliae
830 574 973 636 amissum
987 572 1046 653 (l),

116 686 150 740 et
164 673 469 739 Lacedaemoniorum
493 672 631 734 victorias
649 674 754 754 culpae
773 691 844 734 suae
861 670 1046 747 tribuebant,

116 773 199 855 quod
212 773 304 835 talem
322 771 417 833 virum
437 769 587 832 ecivitate
602 770 798 850 expulissent.
817 768 919 851 Neque
938 768 966 828 id
982 768 1047 829 sine

115 889 208 935 censa
236 867 376 931 arbitrari
402 867 596 942 videbantur3
624 885 693 928 nam
720 876 877 948 postquam
907 863 1049 926 exercitui

116 984 258 1050 praeesse
273 973 422 1045 coeperat,
439 982 536 1044 neque
552 971 641 1039 terra,
661 981 759 1045 neque
773 964 862 1037 mari,
878 962 977 1024 hostes
992 980 1048 1042 pa-

116 1082 165 1127 ros
179 1082 248 1128 esse
261 1069 432 1144 potuerant.
452 1059 506 1122 Hic
520 1070 551 1122 ut
565 1061 631 1122 nari
644 1078 779 1139 egressus
794 1069 850 1136 est,
865 1077 1046 1140 quamquam

114 1159 321 1225 Theramenes
336 1168 367 1220 et
385 1156 589 1239 Thrasybulus
607 1157 719 1219 eisdem
735 1156 825 1218 rebus
843 1155 1046 1236 praefuerant,

116 1255 268 1338 simulque
300 1263 442 1317 venerant
460 1255 492 1315 in
516 1253 696 1329 Piraeeum,
720 1262 820 1315 tamen
843 1252 927 1312 illum
952 1270 1046 1312 unum

116 1372 222 1417 omnes
248 1351 529 1434 prosequebantur3
549 1359 599 1427 et,
625 1350 656 1412 id
674 1350 757 1432 quod
782 1367 936 1429 nunquam
960 1357 1047 1408 antea

115 1456 171 1513 usn
189 1457 332 1523 venerat,
351 1448 408 1508 nisi
427 1445 579 1528 Olympiae
597 1446 780 1523 victoribus,
804 1445 923 1508 coronis
947 1445 1046 1505 aureis

119 1546 283 1628 aeneisque
311 1545 396 1622 vulgo
422 1544 469 1626 (ᾖ)
489 1545 665 1608 donabatur.
693 1544 746 1607 Ille
774 1544 939 1624 lacrymans
958 1542 1046 1603 talem

118 1641 357 1707 benevolentiam
376 1641 485 1702 civium
505 1660 627 1703 suorum
646 1640 827 1723 accipiebat,
851 1639 1046 1701 reminiscens

115 1739 235 1821 pristini
263 1739 406 1820 temporis
431 1739 635 1802 acerbitatem.
663 1738 822 1821 Postquam
847 1737 921 1799 Astu
945 1736 1045 1811 venit,

115 1836 262 1901 concione
279 1836 433 1913 aduocata,
452 1837 495 1898 sic
514 1835 604 1898 verba
621 1836 704 1914 lecit,
725 1844 758 1897 ut
775 1854 863 1897 nemo
886 1843 945 1895 tam
965 1835 1046 1896 lerus

115 1931 224 2010 luerit,
245 1932 319 2015 quin
336 1932 402 1996 eius
428 1952 529 1996 casum
550 1934 738 2014 lacrymarit,
764 1932 981 2012 inimicumque
1000 1930 1046 1992 his

115 2046 150 2091 se
166 2030 343 2107 ostenderit,
363 2049 489 2112 quorum
504 2049 594 2112 opera
608 2031 704 2112 patria
725 2029 828 2111 pulsus
846 2029 953 2090 luerat:
973 2045 1045 2108 per-

116 2124 188 2189 inde
205 2145 241 2188 ac
257 2127 283 2188 si
297 2127 374 2189 alius
390 2130 531 2210 populus,
548 2146 606 2189 non
627 2128 678 2189 ille
691 2127 768 2208 ipse,
788 2125 916 2207 quitum
940 2122 1044 2202 flebat,

112 2242 184 2287 eum
213 2223 362 2303 sacrilegii
390 2225 572 2287 damnasset.
602 2223 749 2287 Restituta
778 2243 847 2302 ergo
874 2223 943 2284 huic
973 2231 1045 2284 sunt

113 2320 235 2402 publice
265 2320 363 2398 bona,
396 2321 548 2403 iidemque
578 2321 622 2384 illi
652 2321 847 2402 Eumolpidae
876 2321 1045 2385 sacerdotes

113 2434 219 2481 rursus
235 2435 387 2482 resecrare
408 2427 478 2481 sunt
496 2419 602 2496 coacti,
622 2418 674 2501 qui
692 2437 761 2481 eum
780 2417 968 2481 devoverant:
994 2419 1043 2501 pi-

114 2513 224 2597 laeque
241 2515 322 2594 illae,
342 2516 501 2608 inquibus
519 2516 635 2580 devotio
653 2517 750 2580 luerat
764 2516 886 2600 scripta,
906 2516 939 2578 in
958 2535 1042 2579 mare

115 2611 340 2693 praecipitatae.

156 2706 220 2771 VII.
240 2707 320 2772 Haec
337 2710 484 2774 Alcibiadi
501 2711 614 2775 laetitia
630 2731 691 2774 nou
705 2711 796 2775 nimis
813 2711 870 2774 luit
887 2711 1040 2775 diuturna.

113 2802 201 2884 Nam,
229 2805 345 2869 cumei
370 2826 474 2871 omnes
497 2817 597 2872 essent
619 2809 748 2871 honores
770 2808 900 2885 decreti,
921 2816 1043 2888 totaque

114 2901 285 2982 respublica
300 2902 381 2965 domi
399 2905 530 2986 bellique
549 2905 669 2981 tradita,
688 2912 722 2967 ut
739 2905 828 2967 unius
850 2903 974 2966 arbitrio
988 2922 1042 2981 ge-

114 3005 245 3074 reretur,
273 2999 385 3081 etipse
403 3001 593 3081 postulasset,
617 3009 650 3063 ut
667 3000 726 3063 duo
754 3001 811 3062 sibi
838 3001 968 3079 collegae
986 2999 1042 3060 da-

115 3102 231 3168 rentur,
250 3093 450 3177 Thrasybulus
468 3107 498 3160 et
512 3098 705 3176 Adimantus,
722 3112 827 3180 'neque
854 3097 885 3160 id
902 3106 1042 3177 negatum

114 3199 212 3268 esset3
232 3191 327 3254 classe
345 3194 402 3255 iam
423 3195 452 3256 in
471 3195 571 3257 Asiam
594 3197 762 3278 profectus,
791 3195 870 3277 quod
889 3195 967 3277 apud
986 3195 1043 3279 Cp·

147 3364 396 3486 (ll'ltectlunpprtoscc
407 3376 504 3436 :ltaque
518 3383 539 3422 et
552 3376 658 3422 Stcttiom
673 3380 792 3437 omnnem,
807 3378 852 3424 etc.

83 3458 86 3463 ·
145 3437 175 3497 (A)
190 3439 280 3497 vulgos
321 3441 383 3487 ilicet
396 3445 532 3491 catervatim
544 3446 568 3490 cl
583 3457 626 3504 pro
641 3456 666 3490 se
680 3446 779 3503 quisque
794 3455 895 3490 coroner
909 3445 1043 3502 ingerebat,

115 3514 188 3557 duum
203 3505 295 3553 corone
307 3510 351 3554 nist
366 3523 379 3555 a
394 3513 572 3567 magistratuum
587 3513 670 3558 donari
684 3523 735 3557 mos
747 3524 794 3558 non
810 3513 877 3558 escol.
