2452 3938
557 305 622 375 vti.

437 505 742 588 ALCIBIADES.

167 753 192 817 I.
215 754 396 832 Alcibiades,
413 754 525 817 Cliniae
544 757 634 834 lilius,
655 758 848 824 atheniensis.
872 760 904 824 ln
926 764 985 834 boc,
1000 786 1059 829 na·

118 856 208 934 lure,
229 858 301 940 quid
315 857 431 918 efficere
449 854 553 934 possit,
565 853 682 915 videtur
696 866 827 938 experta.
840 857 960 923 Constat
977 866 1056 925 enirn

122 954 207 1020 inter
226 973 344 1027 omnes,
374 951 481 1033 quide
505 969 540 1012 eo
566 952 729 1014 memoriae
755 955 963 1035 prodiderunt,
984 961 1059 1023 nihil

121 1051 176 1115 illo
195 1051 291 1114 luisse
309 1049 514 1123 excellentius,
532 1048 576 1109 vel
595 1048 625 1109 in
650 1049 742 1127 uitiis,
762 1052 806 1113 nel
836 1052 866 1113 in
885 1054 1057 1120 uirtutibus.

124 1146 219 1214 Natus
233 1149 265 1211 in
284 1146 468 1229 amplissima
486 1145 622 1221 civitate,
642 1165 902 1228 summogenere,
923 1153 1059 1216 omnium

129 1245 237 1309 demtis
255 1263 328 1306 suae
348 1244 441 1305 multo
460 1243 705 1320 formosissimus,
725 1243 761 1304 ad
778 1263 881 1308 omncs
898 1265 946 1309 res
960 1257 1060 1329 aptus,

131 1343 311 1424 consiliique
329 1341 445 1422 plenus3
465 1358 593 1420 namque
619 1340 783 1420 imperator
801 1342 856 1403 luit
875 1362 1010 1406 summus
1031 1354 1062 1406 et

130 1439 204 1503 mari
233 1447 264 1501 ei
288 1447 378 1500 terra:
408 1437 546 1511 disertus,
571 1444 605 1498 ut
622 1437 652 1497 in
672 1438 776 1517 primis
794 1439 919 1502 dicendo
938 1443 1060 1520 valerct;

132 1545 253 1601 etlanta
265 1543 330 1598 enat
341 1533 559 1597 commendatio
577 1534 636 1595 oris
647 1544 736 1616 atque
753 1536 908 1614 orationis,
926 1546 959 1599 ut
972 1558 1062 1602 nemo

133 1635 159 1696 ci
175 1622 306 1697 dicendo
326 1641 424 1714 posset
442 1633 601 1695 resistere:
623 1632 751 1711 deinde,
779 1653 845 1695 cum
870 1643 987 1716 tempus
1006 1655 1064 1718 po-

133 1739 238 1808 sceret,
258 1728 436 1805 laboriosus,
456 1730 592 1809 patiens,
617 1730 766 1807 liberalis,
795 1731 981 1812 splendidus,
1002 1753 1062 1796 nou

135 1827 234 1890 minus
252 1826 282 1888 in
301 1826 477 1907 illaquam
495 1827 573 1889 uictu
591 1826 652 1909 (l):
675 1827 814 1906 affabilis,
833 1828 971 1907 blandus,
985 1840 1064 1893 tem-

137 1925 256 2005 poribus
275 1923 465 1985 callidissime
486 1924 668 1987 inserviens:
685 1925 777 2003 idem,
799 1926 886 1987 simul
910 1945 944 1988 ac
962 1945 994 1989 se
1012 1946 1062 1990 re·

137 2021 268 2099 miserat,
288 2039 344 2083 nec
362 2039 450 2082 causa
471 2020 604 2098 suberat,
625 2042 717 2104 quare
741 2024 833 2084 animi
853 2023 984 2086 laborem
1000 2044 1067 2106 per·

137 2119 235 2196 lornei,
255 2119 438 2195 luxuriosus,
458 2119 633 2196 dissolutus,
653 2121 844 2197 libidinosus,
858 2120 1065 2202 intemperans

138 2215 362 2298 reperiebatur:
383 2225 416 2277 ut
438 2234 541 2278 omnes
563 2217 794 2295 admirarentur,
810 2216 840 2278 in
859 2237 920 2279 uno
941 2218 1063 2282 homine

138 2319 248 2374 tantam
270 2311 368 2375 inesse
388 2313 680 2391 dissimilitudinem,
706 2323 826 2397 tamque
845 2315 989 2379 diversam
1008 2334 1067 2377 na-

140 2416 247 2473 turam.

178 2505 215 2569 ll.
236 2505 387 2569 Educatus
406 2516 451 2569 est
477 2507 506 2568 in
533 2507 622 2570 domo
644 2508 767 2571 Periclis
796 2509 960 2591 (priuignus
984 2509 1065 2572 enirn

141 2603 202 2665 cius
217 2603 310 2666 luisse
324 2604 433 2666 dicitur
447 2605 520 2688 (Q),
538 2605 700 2668 eruditusa
717 2605 837 2669 Socrate
853 2608 913 2688 (3);
929 2625 1065 2670 socerum

143 2697 243 2762 hahuit
260 2700 471 2782 Hipponicum,
495 2704 627 2766 omnium
645 2723 769 2782 graecae
787 2705 905 2783 linguae
924 2705 1068 2786 eloquen-

172 2899 200 2959 Η)
213 2899 295 2947 Vitam
311 2903 334 2947 et
346 2907 432 2947 uictum
446 2904 515 2950 simul
532 2904 664 2962 coniungil3
680 2917 728 2950 uon
746 2906 809 2952 euim
825 2916 900 2951 uuum
918 2905 989 2961 alque
1004 2903 1067 2950 idem

141 2967 185 3013 albi
197 2971 292 3030 volunt,
304 2968 347 3015 sed
360 2971 401 3016 illa
415 2971 446 3016 ud
461 2973 579 3031 publicam
600 2971 696 3018 vivendi
711 2974 839 3032 rollonem,
854 2971 892 3017 hic
908 2970 937 3015 ad
952 2971 1067 3029 privatam

145 3037 237 3094 speciei.
518 3046 522 3052 ’

174 3103 203 3164 (ἳι
217 3105 287 3161 Fer03
302 3106 356 3163 posi
371 3106 433 3151 enim
449 3105 548 3153 rhetoris
563 3106 689 3165 Hipponicl
698 3108 805 3166 moriem,
816 3107 915 3152 Pericles
925 3104 997 3152 huius
1007 3118 1066 3153 uxu-

146 3181 200 3231 rem,
212 3172 341 3220 Alcibiades
356 3174 427 3220 illlam
439 3175 482 3222 sibi
498 3177 644 3221 matrimonio
660 3175 817 3221 devinxerant.
833 3176 938 3222 Ceterum
954 3177 979 3222 ln
995 3177 1068 3224 domo

147 3235 234 3287 Periclis
249 3242 294 3288 bac
309 3254 404 3301 quoque
420 3243 449 3288 de
464 3256 535 3289 causa
546 3246 650 3289 versatus
665 3245 708 3305 esi,
723 3244 785 3301 quod
801 3255 855 3290 curn
875 3247 941 3303 pater
957 3246 1009 3292 elus
1031 3257 1069 3291 oc·

147 3306 262 3356 cubuisset
277 3312 301 3356 lu
316 3321 413 3372 pugna,
435 3313 460 3357 lu
475 3312 538 3358 iilius
556 3311 634 3357 locum
654 3312 752 3358 Pericles
770 3311 801 3356 ad
821 3312 916 3358 tutelam
931 3312 1071 3373 adsumptus

148 3374 170 3418 oi
180 3377 221 3422 esi.

174 3442 202 3502 iil
215 3445 286 3492 immo
300 3448 325 3493 et
335 3448 445 3508 servatus,
459 3459 531 3506 quum
546 3448 568 3493 lu
586 3450 634 3495 acte
651 3449 731 3497 mortis
746 3447 871 3494 discrimen
886 3447 978 3494 adimet.

216 3675 349 3743 Cornelii
372 3673 445 3753 Nep.
981 3645 1017 3719 δ”
