2452 3938
378 313 461 361 rmus
489 311 652 359 eonromus
673 308 795 360 urricus
984 298 1039 359 lll

122 427 216 493 ¹quam
236 409 292 470 hoc
311 427 382 471 seue
399 408 459 490 (l);
480 427 576 491 neque
594 409 689 471 solum
707 427 776 471 eum
795 406 958 490 principem
970 427 1044 471 con·

130 507 189 568 silii
211 505 342 581 baberet,
362 506 412 567 sed
431 507 519 568 etiam
534 505 565 567 in
585 505 729 568 convictu.
749 505 953 583 Excogitatum
972 512 1046 567 esta

130 602 320 685 quibusdam,
338 611 371 663 ut
390 601 533 682 privatum
552 601 699 662 aerarium
723 599 855 664 Caesaris
873 599 1046 663 interlecto-

129 699 213 761 ribus
230 698 267 760 ab
282 697 431 778 equitibus
449 697 578 759 romanis
596 698 833 761 constitueretur.
852 697 885 759 ld
903 696 989 758 tacite
1003 697 1047 759 es·

130 796 178 858 tici
196 813 281 877 posse
300 793 434 856 arbitrati
451 803 540 870 sunt,
560 793 583 855 si
603 803 633 877 et
664 794 813 875 principes
836 793 916 856 illius
934 792 1046 855 ordinis

131 892 272 975 pecunias
284 891 486 952 contulissent.
507 890 608 971 ltaque
621 891 784 972 appellatus
800 900 844 953 est
861 912 878 953 a
896 890 964 955 Gaio
976 889 1047 951 Fla·
1093 916 1097 921 ·

130 990 189 1065 vio,
205 987 288 1049 Bruti
305 986 463 1063 familiari,
483 987 607 1061 Atticus,
628 994 660 1048 ut
677 987 740 1048 eius
765 988 807 1047 rei
826 988 964 1069 princeps
982 1003 1047 1048 esse

130 1086 228 1145 vellet.
246 1083 283 1145 m
301 1083 363 1158 ille,
391 1084 441 1164 qui
468 1083 563 1145 officia
588 1083 689 1145 amicis
712 1085 887 1163 praestanda
908 1084 973 1145 sine
1000 1082 1047 1143 ia·

132 1178 432 1255 ctioneexistimaret,
451 1198 625 1265 semperque
637 1199 654 1240 a
668 1179 775 1241 talibus
793 1199 824 1241 se
847 1180 979 1240 consiliis
997 1198 1049 1243 re-

132 1277 280 1351 movisset;
300 1276 461 1355 respondit,
480 1277 507 1338 se'
526 1276 597 1354 quid
619 1275 665 1355 (0)
684 1278 797 1343 Brutus
814 1278 850 1339 de
875 1276 937 1338 suis
949 1277 1049 1357 fecel-

132 1374 238 1435 tote'bos
255 1373 301 1435 oti
314 1373 460 1449 coaluisset,
479 1389 618 1448 usurum,
638 1383 780 1452 quantam
797 1391 848 1436 eae
861 1380 1052 1453 pertenentem

132 1486 161 1531 se
177 1487 270 1548 neque
291 1486 357 1532 cum
374 1487 520 1549 quoquam
540 1471 575 1532 de
595 1487 629 1532 ee
655 1488 688 1533 re
704 1470 938 1547 collocutorum,
958 1486 1051 1550 neque

133 1567 281 1628 cottiarum
299 1567 357 1648 (3).
380 1565 491 1629 Sicilie
509 1567 713 1629 consensionis
730 1566 835 1646 globus
854 1568 941 1630 buius
959 1567 1049 1630 unius

133 1662 316 1724 dissensione
345 1663 485 1725 disiectus
503 1671 557 1725 est.
586 1661 687 1743 Neque
708 1665 798 1726 multo
825 1672 892 1744 post
916 1662 1052 1744 superior

133 1777 197 1821 esse
215 1760 312 1838 coepit
326 1759 481 1820 Antonius:
501 1758 553 1832 ita,
572 1767 603 1818 ut
616 1757 724 1821 Brutus
743 1768 773 1821 et
790 1759 908 1822 Cassius
928 1759 1056 1841 provin·.

134 1855 258 1928 ciarum,
270 1871 346 1934 quae
369 1854 405 1916 iis
421 1853 501 1916 necis
512 1854 559 1935 (l)
578 1872 666 1915 causa
684 1855 769 1917 datae
786 1863 901 1918 eranta
918 1857 1051 1918 consuli-

133 1951 201 2024 bus,
222 1949 383 2030 desperatis
400 1948 502 2025 rebus,
520 1950 551 2011 in
573 1949 691 2011 exilium
709 1950 976 2031 proficiscerentur.
996 1950 1052 2012 At·

138 2047 223 2124 ticus,
237 2046 288 2127 qui
300 2046 455 2126 pecuniam
468 2046 556 2108 simul
566 2065 633 2108 cum
653 2047 758 2109 ceteris
771 2047 904 2110 conferre
917 2048 1053 2110 noluerat

135 2144 250 2204 llorenti
267 2143 308 2205 illi
328 2144 415 2223 parti,
434 2143 547 2205 abiecto
563 2141 666 2221 Bruto,
681 2143 824 2226 Italiaque
846 2145 974 2221 cedenti,
1001 2163 1051 2208 se·

136 2240 269 2302 stertium
286 2248 402 2302 centum
434 2240 527 2301 millia
553 2241 669 2303 muneri
698 2240 779 2303 misit
807 2241 872 2323 (5),
902 2242 1052 2305 eidemin

135 2336 224 2417 Epiro
243 2337 290 2418 (o)
309 2336 415 2400 absens
440 2335 570 2398 trecenta
587 2337 672 2401 iussit
689 2337 772 2401 dari:
792 2357 888 2421 neque
906 2357 940 2402 eo
960 2340 1052 2417 magis

135 2435 246 2512 potenti
260 2435 394 2497 adulatus
411 2434 604 2511 estimonio,
619 2453 715 2517 neque
733 2435 903 2517 desperatos
917 2436 1049 2518 reliquit

178 2531 226 2592 lll.
247 2530 384 2594 Secutum
406 2541 450 2596 est
467 2531 577 2594 bellum
595 2540 708 2610 gestum
732 2533 811 2614 apud
831 2531 1003 2616 llutinam(
1024 2536 1050 2615 l.

136 2624 168 2687 ln
187 2647 245 2708 quo
260 2628 285 2690 si
303 2637 416 2691 tantum
434 2648 502 2692 eum
514 2629 687 2710 prudentem
703 2630 813 2707 dicam,
835 2633 946 2708 minus,
962 2649 1052 2711 quam

136 2723 272 2801 debeam,
289 2725 473 2806 praedicem3
493 2744 560 2789 cum
578 2725 628 2788 ille
646 2726 745 2806 potius
766 2727 882 2789 divinus
896 2727 1002 2804 luerit;
1027 2726 1056 2791 si

136 2822 275 2885 divinatio
302 2823 476 2904 appellanda
501 2831 546 2885 est
572 2831 713 2904 perpetua
741 2824 883 2886 naturalis
914 2824 1051 2900 bonitas,

164 2976 195 3033 (ll
211 2976 312 3034 intelllge
328 2980 440 3021 uteretur.

164 3044 194 3099 t2l
209 3044 302 3090 Rectius
314 3055 367 3089 cum
386 3042 489 3088 ablativo
503 3042 554 3088 siue
565 3054 645 3102 praep.
662 3045 810 3103 eompoultur
824 3044 919 3090 verbum
934 3049 995 3091 otor.

166 3110 197 3170 (5)
214 3111 276 3157 Nulli
291 3109 386 3157 lectioni
399 3123 424 3157 sc
441 3122 526 3158 nomeu
542 3123 591 3156 esse
605 3110 720 3157 daturum.

166 3177 196 3232 tlt
212 3179 377 3291 Gaesquauee3
391 3178 476 3225 Brutus
491 3178 595 3237 cretam,
621 3179 712 3225 cassius
736 3180 887 3237 cyrenensem
909 3181 1055 3240 provinciam

137 3255 264 3302 acceperan
277 3280 282 3291 .

165 3315 198 3369 (ὅ)
207 3314 263 3359 ltal:
279 3314 353 3361 20000
362 3313 462 3373 freaelu'.

168 3381 198 3437 (6)
216 3381 337 3427 Provincia
352 3383 461 3428 Graeciae
476 3382 674 3442 septentrionalis,
690 3383 714 3429 ln
729 3395 771 3430 ora
784 3384 842 3431 lonii
856 3384 931 3431 mtrls.

166 3447 196 3504 (7)
212 3448 281 3504 Quod
296 3450 356 3494 inter
371 3450 523 3496 octavianum
538 3452 562 3496 ot
575 3451 702 3498 Antonium
715 3462 778 3497 anuo
791 3451 817 3498 tl.
833 3451 857 3499 C.
875 3453 952 3500 uccrrl
963 3452 1053 3514 examlt,

138 3524 201 3582 quod
214 3525 252 3571 bic
269 3525 298 3573 de
315 3527 444 3575 hereditate
459 3529 560 3574 caeseris
575 3529 677 3576 cumlllo
693 3528 851 3576 contenderet.
