2452 3938
209 243 270 308 lai
603 261 738 309 romnus

206 371 258 417 eas
274 354 351 437 apud
370 355 482 418 flumen
499 353 599 418 Nilum
615 356 793 419 interficitur
815 375 833 418 a
854 353 979 421 Seleuco
998 366 1029 422 et
1044 357 1134 424 finti-

129 451 365 533 ,ffigonofnz
385 470 546 533 rerumque
570 453 688 515 summa
707 452 744 515 ad
767 451 957 534 Antipatrum
978 454 1131 518 defertur.

206 546 273 626 Hic,
293 548 345 629 qui
363 548 569 626 deseruerant,
592 549 725 613 exercitu
743 549 916 628 suffragium
936 551 1052 615 ferente
1072 552 1147 634 (2),

206 646 312 727 capitis
330 644 468 708 absentes
487 646 683 708 damnantur:
705 646 736 708 in
760 646 805 709 his
821 646 983 711 Eumenes.
1001 646 1066 712 liae
1084 649 1135 714 illc

204 744 360 826 perculsus
371 743 456 824 plaga
467 762 529 806 non
544 736 715 821 succubuit,
735 762 833 824 neque
849 761 884 806 eo
901 745 1001 807 secius
1020 745 1133 811 bellum

204 840 433 903 administrauit.
453 838 511 902 Sed
534 841 624 903 eriles
642 859 689 903 res
708 840 803 902 animi
814 841 1064 921 magnitudinem,
1078 845 1135 909 etsi

203 956 264 1000 non
283 939 470 1018 frangebant,
484 948 585 1001 tamen
600 937 831 1001 imminuebant.
845 936 931 1007 Hunc
947 957 1134 1022 persequens

201 1033 391 1128 Antigonus,
415 1055 482 1099 oum
514 1036 597 1099 omni
618 1053 726 1113 genere
749 1035 912 1125 copiarum
940 1035 1131 1117 abundaret,

201 1150 290 1215 saepe
312 1133 343 1194 in
366 1133 525 1197 itineribus
550 1132 712 1195 vexabatur
722 1132 783 1214 (3),
803 1151 900 1214 neque
928 1151 1064 1214 unquam
1093 1136 1132 1198 ad

202 1251 324 1294 uranum
340 1231 482 1294 accedere
490 1231 537 1312 (4)
549 1230 670 1306 licebat,
684 1230 744 1293 nisi
755 1229 802 1292 bis
815 1229 887 1292 locis
904 1228 1014 1311 quibus
1026 1232 1131 1295 multis

201 1339 322 1411 possent
340 1330 427 1411 pauci
451 1329 600 1391 resistere.
631 1326 689 1391 Sed
717 1335 847 1390 extremo
869 1341 1028 1408 tempore,
1061 1347 1130 1392 eum

200 1427 324 1490 consilio
343 1426 408 1506 capi
427 1444 486 1488 nnn
498 1433 608 1506 posset,
623 1423 814 1487 multitudine
831 1423 1052 1487 circum-ventus
1071 1432 1127 1488 est.

198 1518 275 1586 Hinc
291 1522 339 1605 (5)
359 1533 470 1597 tamen,
490 1521 591 1582 multis
609 1520 818 1598 suis-amissis,
832 1539 864 1583 sc
884 1520 1033 1602 expedivit
1055 1521 1129 1586 etin

120 1620 352 1686 o.oarcastellum
369 1610 532 1698 Pbrygiae,
552 1616 630 1698 quod
657 1615 736 1680 Nora
752 1618 799 1699 (o)
818 1618 999 1699 appellatur,-
1025 1618 1131 1682 'confu-

197 1716 251 1795 git.
267 1715 301 1802 ln
323 1733 468 1796 quocum
488 1712 769 1791 circumsederetur,
794 1723 823 1777 et
836 1722 989 1777 vereretur
1009 1732 1128 1779 nenuo

198 1815 263 1877 loco
282 1831 406 1875 manens
424 1830 517 1894 equos
532 1811 679 1883 militares
696 1811 854 1893 perderet,
883 1811 964 1894 qnod
994 1811 1127 1893 spatium

197 1930 258 1974 non
273 1918 351 1974 esset
362 1909 511 1989 agitandi,
527 1908 667 1973 callidum
687 1909 743 1971 fuit
757 1908 822 1972 eius
837 1908 1004 1986 inuentum,
1023 1928 1129 1991 quem·

197 2007 357 2071 admodum
375 2016 458 2070 stans
474 2008 642 2069 iumentum
657 2006 787 2069 calefieri
801 2005 1124 2088 exerceriquoposset,

196 2127 256 2190 qno
275 2105 417 2169 libentius
439 2113 469 2167 et
486 2104 553 2167 cibo
576 2111 720 2180 uteretur,
735 2111 765 2166 et
779 2122 796 2167 a
810 2103 943 2185 corporis
961 2112 1045 2166 motu
1063 2124 1125 2168 non

195 2211 409 2268 removeretur.
429 2199 656 2283 Substringebet
674 2208 763 2282 capnt
784 2201 849 2263 loro
867 2201 969 2277 altius,
987 2219 1079 2283 quam
1093 2210 1126 2264 ut

196 2301 347 2382 prioribus
363 2298 489 2381 pedibus
508 2300 595 2380 plane
620 2307 729 2361 terram
755 2305 855 2380 posset
883 2298 1047 2378 attingere,
1068 2297 1125 2363 da-

195 2397 267 2458 inde
281 2406 348 2478 post
368 2395 542 2469 uerberibus
559 2394 685 2474 cogebat
711 2396 858 2458 exsultare
885 2404 916 2458 et
942 2395 1049 2458 caloes·
1072 2413 1125 2460 re·

197 2493 333 2556 mittere:
354 2493 406 2576 qui
426 2501 525 2556 motus
547 2510 608 2553 non
630 2492 731 2555 miuus
759 2491 897 2554 sudorem
930 2491 1123 2570 excutiebat,

197 2591 325 2674 quamsi
343 2591 375 2652 in
387 2590 483 2672 spatio
500 2588 740 2670 decurrerem).
759 2587 823 2663 Quo
838 2589 949 2653 factum
966 2599 1024 2666 est,
1044 2589 1125 2672 quod

227 2785 259 2847 (f)
274 2787 388 2848 Quorum,
403 2790 456 2846 post
471 2787 592 2833 alexandri
611 2788 716 2847 mortem,
733 2787 791 2834 aliar
805 2789 869 2846 Syria
883 2789 907 2834 el
921 2788 1048 2846 Babylonio
1063 2789 1124 2849 poll·

198 2849 236 2894 tuo
250 2848 360 2904 aetaliae
375 2846 475 2906 praefuit
486 2848 569 2906 byciae
584 2849 608 2893 et
619 2847 730 2905 Pbrygiae
745 2847 837 2893 maiori.

227 2904 259 2966 (2)
283 2907 388 2963 Namque
413 2906 550 2952 Macedones
572 2908 595 2951 ln
611 2918 641 2952 eo
656 2907 764 2966 tumultu,
780 2908 821 2964 qni
836 2905 960 2954 alexandri
975 2906 1074 2952 moriem
1089 2907 1125 2954 cat

196 2967 336 3012 consecutus
358 2977 440 3013 rursus
455 2965 514 3011 iliud
529 2964 574 3012 sibi
590 2968 627 3011 ius
641 2965 822 3023 vindicaverant,
844 2978 894 3023 quo
909 2967 962 3011 ante
987 2965 1123 3070 Philippum

202 3024 411 3129 'iditciapiiauhm
426 3024 595 3071 rebusveiusto
609 3024 759 3071 Macedonum
770 3036 834 3071 more
848 3025 1068 3082 exercituolnqulre
1085 3026 1119 3070 at·

198 3095 214 3128 u
236 3094 250 3127 a
293 3096 320 3130 ue
340 3095 390 3129 nos.

228 3141 260 3198 td)
283 3139 318 3187 'ab
338 3141 451 3201 Eumene,
466 3143 507 3199 qul
526 3142 616 3188 lnsldlls
631 3142 655 3187 at
669 3141 841 3188 velitationibus
864 3144 993 3189 extremum
1019 3142 1122 3189 bustim

197 3210 280 3256 agman
293 3203 406 3260 carperet.
1003 3218 1007 3226 ’

236 3257 258 3314 tl
276 3258 332 3306 linia
348 3259 476 3306 Ventrolle
485 3264 557 3304 moui.

236 3317 259 3371 5)
274 3316 332 3364 ital:
349 3321 385 3363 Do
396 3323 471 3376 pactole
484 3323 569 3363 streete.

236 3376 250 3420 6
270 3374 294 3420 ln
310 3377 394 3422 finibus
410 3378 536 3433 Lycaoniae
546 3380 569 3422 et
581 3375 701 3436 Pbrygiae,
715 3376 735 3421 si
748 3376 875 3422 Plutarcho
887 3377 1016 3423 credamus.

235 3434 248 3478 7
274 3434 374 3481 vernum
391 3437 506 3490 militare,
526 3448 574 3492 quo
589 3437 696 3481 venirent
710 3435 772 3494 apud
788 3437 891 3494 Latinos,
906 3447 969 3494 qnae
984 3447 1030 3482 noa
1044 3436 1122 3498 appel·

195 3491 273 3539 lamus
287 3497 428 3552 poeeeppinte
442 3493 650 3549 milltnrt,fcozioni
663 3495 708 3540 aie.
