2452 3938
207 239 247 302 52
585 253 754 300 ancrnrnnns

206 349 243 410 de
255 345 404 430 praesenti
425 345 752 427 quaestiobaberetur,
774 363 864 426 quam
880 344 989 406 absens
1003 340 1133 407 invidiae

190 445 331 508 ,crimine
349 452 549 505 accusaretur.
564 442 681 509 Inimici
699 461 767 505 vero
785 442 862 519 eius,
878 441 1134 523 quiescendumin

179 595 181 599 a
204 541 365 623 praesenti,
388 539 459 620 quin
485 557 593 601 nocere
611 557 643 601 se
666 538 694 602 ei
716 559 776 602 nnn
806 557 892 621 posse
914 538 1132 618 intelligebant,

204 649 234 701 et
251 638 324 700 illud
339 644 456 717 tempus
476 636 691 717 expectandum
707 636 911 713 decreverunt,
932 655 992 716 quo
1011 634 1130 710 exisset,

204 744 236 796 ut
263 733 307 795 sic
337 729 490 795 absentem
509 733 749 810 aggrederentur:
770 734 871 815 itaque
889 733 1036 794 lecerunt.
1057 730 1129 793 Nam

204 839 359 912 postquam
388 829 421 890 in
452 827 584 891 Siciliam
613 848 681 892 eum
709 831 880 910 pervenisse
919 827 1129 905 crediderunt,

203 927 369 1001 absentem,
396 927 476 1008 quod
496 945 580 988 sacra
603 927 762 1002 violasset,
780 944 866 988 reum
891 926 1039 989 lecerunt.
1068 923 1131 997 Qua

202 1025 239 1086 de
255 1041 289 1085 re
306 1041 373 1084 cnm
390 1025 418 1085 ei
438 1023 565 1085 nuncius
583 1042 601 1084 a
619 1023 792 1101 magistratu
811 1023 843 1085 in
867 1019 1000 1084 Siciliam
1021 1021 1130 1091 missus

201 1128 291 1197 esset,
310 1128 343 1182 ut
361 1121 482 1182 domum
508 1120 544 1182 ad
570 1138 689 1182 causam
717 1119 872 1181 dicendam
891 1119 1014 1197 rediret,
1034 1128 1128 1182 esset-

201 1237 259 1299 que
277 1219 309 1281 in
328 1236 434 1297 magna
449 1237 502 1298 spe
521 1218 691 1298 provinciae
705 1217 752 1298 (l)
771 1217 847 1279 bene
863 1216 1143 1294 administrandae,

199 1330 261 1378 non
281 1333 386 1398 parere
404 1315 518 1391 noluit,
538 1315 616 1375 etin
644 1313 808 1390 triremem,
830 1332 906 1394 quae
929 1313 1054 1375 adeum
1073 1314 1126 1376 de-

200 1400 376 1494 portandum
395 1420 459 1473 erat
476 1411 579 1487 missa,
599 1409 744 1487 ascendit3
765 1430 799 1471 ac
818 1410 944 1473 Tburios
956 1410 1005 1492 (i)
1019 1411 1051 1472 in
1066 1410 1126 1472 lta·

199 1510 269 1570 liam
288 1518 453 1588 pervectus,
479 1508 572 1568 multa
590 1525 691 1568 secum
710 1515 852 1587 reputans
871 1508 907 1570 de
930 1508 1127 1571 immoderata

199 1605 307 1667 civium
335 1622 457 1667 suorum
477 1603 620 1681 licentia,
640 1603 876 1686 crudelitateque
895 1623 964 1683 erga
986 1600 1124 1682 nobiles,

197 1702 388 1764 utilissimum
411 1710 512 1778 ratus,
534 1700 754 1782 impendentem
775 1703 886 1763 evitare
906 1710 1124 1782 tempestatem,

197 1800 272 1861 clam
290 1817 322 1860 se
340 1818 358 1859 a
384 1799 557 1860 custodibus
574 1798 732 1876 subduxit,
758 1808 787 1860 et
815 1798 885 1861 inde
904 1798 1036 1879 primum
1060 1798 1125 1863 Eli-

197 1895 265 1958 dem
284 1896 344 1978 (3),
364 1896 472 1958 deinde
487 1895 615 1973 Thebas,
629 1896 720 1959 veuit.
733 1896 894 1977 Postquam
910 1906 1010 1958 antem
1028 1915 1124 1960 seca·

195 1995 266 2075 pitis
281 1995 467 2070 damnatum,
487 1993 573 2055 bonis
593 1992 766 2073 publicatis,
787 1992 910 2072 audivit,
928 2001 969 2069 et,
989 1993 1020 2055 id
1045 1993 1122 2076 quod

195 2111 252 2154 usu
265 2100 398 2168 venerat,
417 2091 610 2171 Eumolpidas
626 2091 672 2171 (tl)
689 2091 858 2153 sacerdotes
876 2111 894 2152 a
916 2091 1028 2173 populo
1053 2111 1122 2154 cna·

146 2265 148 2269 4
196 2200 270 2269 ctos,
283 2198 316 2252 ut
326 2208 358 2251 se
366 2189 554 2264 devoverent,
575 2188 698 2269 eiusque
714 2188 891 2264 devotionis,
909 2208 968 2269 quo
987 2190 1121 2254 testatior

195 2295 273 2349 esset
304 2285 459 2362 memoria,
489 2286 679 2365 exemplum,
703 2286 734 2348 in
752 2286 811 2366 pila
834 2285 952 2366 lapidea
970 2286 1117 2365 incisum,

120 2384 410 2464 ¹‚415essepositum
436 2383 468 2443 in
496 2382 627 2462 publico,
653 2381 907 2445 lacedaemonem
930 2383 1117 2464 demigravit.

193 2479 238 2543 lbi
257 2480 303 2560 (ut
317 2481 381 2560 ipse
399 2479 570 2560 praedicare
593 2480 798 2560 consueverat)
825 2499 885 2542 non
905 2480 1046 2544 adversus
1064 2502 1118 2564 pa·

224 2662 254 2722 tl)
272 2663 418 2707 Provinciam
434 2661 537 2720 appellat
561 2662 642 2707 Noster
662 2661 749 2708 bellum
765 2664 789 2708 in
805 2664 883 2708 Sicilia
897 2663 1039 2726 gerundum,
1054 2677 1119 2712 more

193 2734 267 2792 patrio
283 2733 447 2788 Romanorum,
462 2730 503 2787 qui
519 2731 599 2774 omnia
612 2729 757 2788 reipublicae
772 2742 870 2777 munera
886 2735 1023 2788 procinctae
1038 2733 1118 2794 appel·

192 2803 240 2848 lare
255 2800 443 2858 consueverunt,
468 2809 498 2842 eo
513 2797 577 2854 quod
601 2798 625 2843 ln
641 2798 732 2844 civitate
752 2798 865 2856 belligera
884 2801 908 2844 et
922 2801 1049 2858 imperiosa
1063 2814 1117 2861 pro·

192 2871 283 2916 vinciae
299 2870 434 2928 plerumque
449 2866 602 2924 consulibus,
617 2866 764 2924 praetoribus
778 2868 856 2912 altiore
871 2868 1061 2928 magistratibus,
1076 2870 1117 2927 qui

192 2951 236 2998 pro
250 2940 277 2986 lis
292 2938 376 2997 essent,
392 2935 507 2994 regendae
522 2935 675 2982 traderentur.

221 3005 253 3062 (2)
269 3006 383 3051 Lucaniae
398 3003 481 3049 urbem
496 3003 522 3047 in
536 3004 589 3048 otuu
604 3002 740 3065 Terentino,
756 3015 826 3062 quam
840 3003 1018 3052 Atheniensium
1032 3017 1116 3054 manus

192 3075 252 3121 tuter
266 3074 359 3132 Sybaris
374 3074 454 3118 ruinas
468 3070 612 3117 condiderat.

222 3142 254 3199 (ὅ)
270 3141 354 3191 Urbem
369 3139 523 3198 Peloponnesi
538 3139 562 3183 in
578 3137 681 3185 eiusdem
697 3139 797 3184 nominis
811 3139 915 3194 regione.

221 3211 253 3271 (t)
268 3211 312 3267 Qui
325 3209 437 3266 originem
452 3208 482 3253 ed
498 3207 654 3267 Eumolpum,
669 3207 756 3254 Musaei
776 3207 835 3253 velta
850 3207 926 3252 titium
940 3206 1063 3269 referrent,
1078 3208 1114 3254 at·
1135 3206 1138 3213 '

190 3292 237 3339 que
250 3279 344 3325 ttbeuis
356 3289 422 3324 sacra
434 3275 577 3336 procurandi
591 3286 676 3322 munus
698 3274 820 3322 baberent.
839 3275 896 3321 Nam
910 3275 1058 3321 sacerdotum
1072 3287 1113 3323 co·

189 3348 255 3394 lonta
268 3358 297 3392 er
311 3345 410 3392 'lbrecla
425 3345 524 3391 ttbenes
537 3345 741 3402 commigraverat,
756 3345 779 3388 et
793 3339 905 3389 diuturna
924 3343 955 3389 de
970 3343 1114 3402 reipublicae

224 3413 322 3474 morpatu
337 3412 426 3472 proelia
440 3423 493 3458 cum
509 3411 590 3470 priscis
604 3411 693 3456 Atticae
700 3411 802 3468 regionis
813 3408 943 3457 cultorlbus
957 3412 1025 3471 sevit,
1036 3411 1113 3458 donee

232 3482 283 3529 dere
297 3481 353 3540 teto,
368 3479 590 3537 religionlsbonore
605 3479 715 3526 contenta
729 3480 772 3526 eet.
