2452 3938
494 239 668 285 rrarcnarus
1004 223 1046 285 te

84 354 147 403 eo
163 330 275 412 valuit,
294 341 329 401 ut
346 331 440 395 multa
457 331 489 394 in
501 350 533 394 re
549 331 670 394 militari
682 329 789 413 partim
809 351 883 394 nora
898 332 1042 408 attulerit,

85 432 225 517 partim
239 430 364 497 meliora
375 427 490 492 lecerit.
507 428 642 510 Namque
653 427 704 491 ille
719 429 868 511 pedestria
878 447 961 491 arma
974 446 1044 491 mu-

92 530 208 595 tarit:
239 546 308 591 cunr
335 535 404 589 unte
422 524 507 588 illum
533 526 742 608 imperatorem
768 525 903 587 maximis
920 524 1043 606 clypeis,
1077 558 1084 573 ·

90 626 257 693 brennus
275 622 380 702 hastis,
400 622 523 685 minutis
536 614 848 701 gladiis,'uterentur;
870 621 921 683 ille
941 639 1044 683 econ·

91 724 207 789 traria
227 722 337 805 peltam
355 719 402 801 (l)
422 738 475 801 pro
493 738 597 802 parma
612 719 701 796 lecit,
716 738 733 781 a
751 738 810 801 quo
829 727 932 801 postea
946 718 1044 799 pelta·

91 828 176 889 stae
199 818 317 901 pedites
343 816 555 898 appellantur,
579 822 614 877 ut
635 815 672 877 ad
695 823 794 877 motus
820 831 1043 895 concursusque

92 925 216 983 essent
234 913 370 979 leviores.
390 911 499 974 Hastae
514 911 635 975 modurn
654 911 825 993 duplicavit,
842 910 956 990 gladios
973 910 1042 972 lon·

93 1014 214 1095 &oras
231 1010 314 1074 lecit.
340 1008 423 1073 Idem
450 1026 544 1088 genus
572 1007 733 1070 loricarum
757 1007 897 1082 mutarit,
918 1015 960 1082 et,
987 1025 1041 1088 pro

95 1110 202 1177 acutia
218 1107 269 1190 (2)
287 1116 377 1189 atque
391 1106 505 1182 aeneis,
524 1105 630 1168 linteas
649 1106 696 1186 (3)
711 1105 803 1167 dedit.
820 1103 884 1176 Quo
903 1104 981 1167 laeto
995 1123 1043 1166 er-

95 1205 279 1289 peditiores
294 1203 405 1267 militer
413 1202 552 1266 reddidit.
564 1200 637 1264 Nam
651 1202 782 1283 pondere
798 1201 947 1277 detracto,
961 1200 1042 1282 quod

97 1321 211 1386 aeque
227 1319 336 1383 corpus
360 1307 472 1379 tegeret
488 1307 519 1361 et
540 1299 603 1361 lere
625 1306 720 1374 esset,
740 1297 864 1360 curarit.

105 1454 110 1461 .
148 1398 194 1463 11.
204 1397 321 1463 Bellum
333 1416 400 1461 cum
414 1394 578 1461 Thracibus
586 1395 634 1476 (l)
644 1395 747 1474 gessit:
767 1392 910 1470 Seuthem,
926 1392 1041 1456 socium

98 1494 355 1572 Atheniensium,
367 1493 400 1556 iu
414 1511 539 1572 regnum
551 1492 690 1555 restituit.
704 1491 789 1572 Apud
807 1489 981 1554 Corinthum
993 1490 1042 1570 (5)

101 1601 196 1657 tauta
223 1591 381 1655 severitate
409 1589 551 1653 exercitui
579 1589 708 1671 praeluit
727 1589 788 1671 (6),
808 1597 841 1651 ut
863 1587 964 1649 nullae
982 1605 1041 1648 un·

101 1709 203 1775 quam
222 1688 256 1753 iu
273 1687 398 1753 Graecia
420 1705 519 1769 neque
543 1680 765 1750 exercitatiores
792 1684 915 1766 copiae,
944 1701 1043 1765 neque

99 1788 209 1867 magis
224 1786 305 1849 dicto
322 1784 477 1848 audientes
494 1784 603 1846 luerint
620 1783 706 1846 duci':
727 1784 758 1845 in
774 1800 900 1864 eamque
916 1800 1043 1844 cousue-

99 1884 250 1947 tudinem
268 1881 401 1960 adduxit,
428 1890 473 1958 ut,
492 1901 559 1944 curn
582 1881 688 1963 proelii
706 1880 823 1958 signum
842 1879 879 1941 ab
907 1878 1041 1960 impera·

95 1956 179 2045 hore
195 1989 278 2043 osset
294 1979 409 2056 datum,
429 1978 494 2041 sine
508 1977 593 2041 ducis
608 1996 699 2060 opera
714 1977 756 2040 sic
769 1975 922 2039 ordinatae
939 1975 1041 2037 oonsi-

100 2085 244 2155 sterent,
271 2085 305 2140 ut
325 2075 434 2155 singuli
454 2095 471 2136 a
491 2075 672 2156 peritissimo
698 2075 877 2155 imperatore
905 2071 1041 2152 dispositi

92 2174 299 2239 viderentur.
317 2172 379 2235 lloc
391 2173 534 2249 exercitu,
548 2170 661 2235 ldoram
673 2173 721 2254 (l)
734 2166 1039 2234 Lacedaemoniorum
1049 2207 1071 2240 a.
1080 2194 1123 2240 aar

144 2378 179 2437 (l)
191 2381 257 2439 Quae
269 2379 367 2427 hrerlor
381 2381 406 2427 el
416 2380 492 2426 levior
506 2380 573 2425 esset

105 2506 112 2515 ,
142 2446 176 2509 (2)
190 2450 270 2497 denus
285 2448 331 2495 hoc
347 2449 474 2495 loricarum
489 2444 899 2508 tuit,qoaoaonu11sterretstoter
918 2460 944 2494 sa
960 2449 1043 2508 uaris,

85 2507 190 2562 hunis
203 2514 329 2563 etlamluls
344 2517 486 2562 constarent.
502 2515 545 2562 atti
556 2526 600 2574 pro
615 2514 685 2559 certis
699 2514 780 2571 legunt
792 2513 884 2568 ferrata.

106 2604 116 2613 ·
148 2574 253 2641 {linare
266 2582 316 2629 sele
331 2583 356 2629 at
369 2585 437 2628 aceto
449 2583 590 2643 maceratae,
606 2584 634 2627 ut
648 2580 743 2640 terrum,
758 2577 819 2629 ictus
834 2583 973 2642 exciperent.

146 2648 178 2711 (ll
191 2650 220 2698 ut
234 2650 347 2699 duarlblo
369 2650 606 2697 Lacedaemoniorum
629 2649 702 2709 doce,
716 2651 759 2707 qul
774 2650 950 2699 Atheniensium
965 2663 1002 2698 res
1017 2650 1043 2695 lu

82 2708 217 2763 Thracia
231 2719 328 2765 turbare
342 2718 477 2764 copulemur.

148 2786 179 2843 l⁵l
195 2786 293 2847 lmpulal
307 2786 338 2832 ab
353 2786 532 2835 atheniensibus
547 2786 663 2832 Coriolhll
685 2797 725 2832 eos
745 2798 760 2831 a
780 2787 872 2832 civitate
890 2788 1044 2848 expulerant,

80 2852 184 2905 qula
195 2855 362 2914 §pannorum
376 2854 481 2913 partibus
507 2855 597 2911 essem
618 2853 643 2899 tu
662 2853 692 2899 ad
710 2856 834 2913 spartanos
848 2853 988 2912 coniugem,
1003 2859 1043 2912 qui

83 2909 214 2981 bellum,
228 2922 334 2980 troadae
347 2920 422 2981 duce,
436 2914 518 2968 contra
533 2919 697 2978 Athenienses,
717 2921 841 2980 sociosque
856 2933 938 2968 eorum
953 2921 1043 2966 Theba·

85 2988 164 3030 ¹10⁸
175 2989 198 3032 et
209 2990 305 3045 argivos
320 2999 364 3047 pro
378 2988 407 3034 lis
420 2999 552 3047 suscepere.
568 2989 633 3034 Fusls
648 2988 725 3035 aulem
738 2987 769 3033 ad
783 2978 914 3035 Coroneam
926 2987 1044 3048 hostibus,

87 3040 243 3101 Murmur>
256 3055 362 3112 Agesilao
375 3055 551 3102 adcoriullaum
561 3066 632 3101 omne
645 3053 722 3102 iuerat
732 3055 856 3115 collatum3
872 3054 935 3102 uude
944 3054 1044 3102 illibellt

92 3111 231 3169 Gounuu
244 3133 342 3169 manau.

151 3183 183 3244 lii
202 3188 280 3247 Quum
298 3188 435 3235 corinthum
453 3188 571 3248 praesidio
597 3188 699 3248 teneret,
722 3187 832 3247 cladem,
846 3200 917 3245 quem
931 3189 1045 3236 stelloues

101 3246 258 3302 thoantem
271 3268 356 3303 somno
370 3268 508 3316 oppressum
522 3257 658 3318 invenerat,
671 3256 801 3318 interemit,
815 3256 950 3316 luctumque
971 3258 1043 3304 incla-

108 3321 241 3379 ”tathaee
251 3326 352 3386 owen,
368 3326 552 3386 inquitisum,
564 3327 631 3372 telem
646 3327 739 3385 reliqui.

154 3386 186 3447 ll)
196 3390 281 3439 &aare
293 3403 347 3455 ror,
361 3404 409 3452 qua
423 3394 454 3441 al)
472 3395 501 3441 lis
517 3405 577 3453 porr
591 3395 708 3442 exercitus
726 3393 899 3454 appellabatur:
921 3395 1044 3441 constabat

118 3454 199 3503 ⁸telana
208 3458 350 3521 qumrenttu
365 3463 389 3508 et
403 3461 520 3509 tutandum
534 3463 635 3523 amplius
649 3464 713 3510 lectis
728 3462 848 3510 militibus
