<?xml version="1.0" encoding="UTF-8"?>
<!DOCTYPE html PUBLIC "-//W3C//DTD XHTML 1.0 Transitional//EN"
    "http://www.w3.org/TR/xhtml1/DTD/xhtml1-transitional.dtd">
<html xmlns="http://www.w3.org/1999/xhtml" xml:lang="en" lang="en">
 <head>
  <title>
</title>
<meta http-equiv="Content-Type" content="text/html;charset=utf-8" />
  <meta name='ocr-system' content='tesseract 3.04.00' />
  <meta name='ocr-capabilities' content='ocr_page ocr_carea ocr_par ocr_line ocrx_word'/>
</head>
<body>
  <div class='ocr_page' id='page_1' title='image "./corneliinepotis18nepogoog_0178.png"; bbox 0 0 2452 3938; ppageno 0'>
   <div class='ocr_carea' id='block_1_1' title="bbox 384 246 1036 311">
    <p class='ocr_par' dir='ltr' id='par_1_1' title="bbox 384 246 1036 311">
     <span class='ocr_line' id='line_1_1' title="bbox 384 246 1036 311; baseline 0.002 -1"><span class='ocrx_word' id='word_1_1' title='bbox 384 264 466 310; x_wconf 80' lang='lat' dir='ltr'><strong>rurus</strong></span> <span class='ocrx_word' id='word_1_2' title='bbox 483 262 645 310; x_wconf 78' lang='lat' dir='ltr'><strong>rouromus</strong></span> <span class='ocrx_word' id='word_1_3' title='bbox 662 262 782 308; x_wconf 76' lang='lat' dir='ltr'><strong>urricus</strong></span> <span class='ocrx_word' id='word_1_4' title='bbox 975 246 1036 311; x_wconf 78' lang='lat' dir='ltr'><strong>tia</strong></span> 
     </span>
    </p>
   </div>
   <div class='ocr_carea' id='block_1_2' title="bbox 75 352 1057 3150">
    <p class='ocr_par' dir='ltr' id='par_1_2' title="bbox 113 352 1037 618">
     <span class='ocr_line' id='line_1_2' title="bbox 113 352 1035 437; baseline -0.014 -10"><span class='ocrx_word' id='word_1_5' title='bbox 113 363 159 427; x_wconf 86' lang='lat' dir='ltr'><strong>ios</strong></span> <span class='ocrx_word' id='word_1_6' title='bbox 177 360 253 424; x_wconf 83' lang='lat' dir='ltr'><strong>ciues</strong></span> <span class='ocrx_word' id='word_1_7' title='bbox 270 357 429 421; x_wconf 86' lang='lat' dir='ltr'><strong>videretur.</strong></span> <span class='ocrx_word' id='word_1_8' title='bbox 449 355 501 419; x_wconf 87' lang='lat' dir='ltr'><strong>Ille</strong></span> <span class='ocrx_word' id='word_1_9' title='bbox 519 363 617 418; x_wconf 90' lang='lat' dir='ltr'><strong>autem</strong></span> <span class='ocrx_word' id='word_1_10' title='bbox 641 355 688 417; x_wconf 92' lang='lat' dir='ltr'><strong>sui</strong></span> <span class='ocrx_word' id='word_1_11' title='bbox 706 354 833 419; x_wconf 90' lang='lat' dir='ltr'><strong>iudicii</strong></span> <span class='ocrx_word' id='word_1_12' title='bbox 821 352 947 437; x_wconf 91' lang='lat' dir='ltr'><strong>,potius</strong></span> <span class='ocrx_word' id='word_1_13' title='bbox 963 354 1035 436; x_wconf 87' lang='lat' dir='ltr'><strong>quid</strong></span> 
     </span>
     <span class='ocr_line' id='line_1_3' title="bbox 116 440 1037 536; baseline -0.011 -14"><span class='ocrx_word' id='word_1_14' title='bbox 111 460 258 522; x_wconf 81' lang='lat' dir='ltr'><strong>sefacere</strong></span> <span class='ocrx_word' id='word_1_15' title='bbox 273 474 324 536; x_wconf 86' lang='lat' dir='ltr'><strong>par</strong></span> <span class='ocrx_word' id='word_1_16' title='bbox 343 461 431 533; x_wconf 88' lang='lat' dir='ltr'><strong>esset,</strong></span> <span class='ocrx_word' id='word_1_17' title='bbox 450 451 632 531; x_wconf 79' lang='lat' dir='ltr'>intuebatur,</span> <span class='ocrx_word' id='word_1_18' title='bbox 650 472 738 534; x_wconf 86' lang='lat' dir='ltr'><strong>quam</strong></span> <span class='ocrx_word' id='word_1_19' title='bbox 749 451 819 535; x_wconf 90' lang='lat' dir='ltr'><strong>quid</strong></span> <span class='ocrx_word' id='word_1_20' title='bbox 830 451 874 514; x_wconf 86' lang='lat' dir='ltr'><strong>itti</strong></span> <span class='ocrx_word' id='word_1_21' title='bbox 888 440 1037 516; x_wconf 79' lang='lat' dir='ltr'><strong>laudaturi</strong></span> 
     </span>
     <span class='ocr_line' id='line_1_4' title="bbox 116 557 228 618; baseline -0.021 0"><span class='ocrx_word' id='word_1_22' title='bbox 116 557 228 618; x_wconf 84' lang='lat' dir='ltr'><strong>iurent.</strong></span> 
     </span>
    </p>

    <p class='ocr_par' dir='ltr' id='par_1_3' title="bbox 75 644 1057 3150">
     <span class='ocr_line' id='line_1_5' title="bbox 157 644 1038 713; baseline -0.003 -2"><span class='ocrx_word' id='word_1_23' title='bbox 157 648 194 711; x_wconf 86' lang='lat' dir='ltr'><strong>X.</strong></span> <span class='ocrx_word' id='word_1_24' title='bbox 224 648 368 713; x_wconf 82' lang='lat' dir='ltr'><strong>Conversa</strong></span> <span class='ocrx_word' id='word_1_25' title='bbox 386 646 483 709; x_wconf 91' lang='lat' dir='ltr'><strong>subito</strong></span> <span class='ocrx_word' id='word_1_26' title='bbox 502 646 621 708; x_wconf 83' lang='lat' dir='ltr'><strong>fortuna</strong></span> <span class='ocrx_word' id='word_1_27' title='bbox 646 654 701 709; x_wconf 89' lang='lat' dir='ltr'><strong>est.</strong></span> <span class='ocrx_word' id='word_1_28' title='bbox 725 644 762 709; x_wconf 92' lang='lat' dir='ltr'><strong>Ut</strong></span> <span class='ocrx_word' id='word_1_29' title='bbox 786 644 931 707; x_wconf 85' lang='lat' dir='ltr'><strong>Antonius</strong></span> <span class='ocrx_word' id='word_1_30' title='bbox 948 644 1038 708; x_wconf 91' lang='lat' dir='ltr'><strong>rediit</strong></span> 
     </span>
     <span class='ocr_line' id='line_1_6' title="bbox 117 740 1038 824; baseline -0.004 -15"><span class='ocrx_word' id='word_1_31' title='bbox 117 747 148 809; x_wconf 90' lang='lat' dir='ltr'><strong>iu</strong></span> <span class='ocrx_word' id='word_1_32' title='bbox 163 745 288 822; x_wconf 84' lang='lat' dir='ltr'><strong>Italiam,</strong></span> <span class='ocrx_word' id='word_1_33' title='bbox 305 763 392 807; x_wconf 92' lang='lat' dir='ltr'><strong>nemo</strong></span> <span class='ocrx_word' id='word_1_34' title='bbox 415 762 476 805; x_wconf 91' lang='lat' dir='ltr'><strong>non</strong></span> <span class='ocrx_word' id='word_1_35' title='bbox 492 760 598 820; x_wconf 85' lang='lat' dir='ltr'><strong>magno</strong></span> <span class='ocrx_word' id='word_1_36' title='bbox 617 743 649 803; x_wconf 92' lang='lat' dir='ltr'><strong>in</strong></span> <span class='ocrx_word' id='word_1_37' title='bbox 662 742 794 824; x_wconf 90' lang='lat' dir='ltr'><strong>periculo</strong></span> <span class='ocrx_word' id='word_1_38' title='bbox 812 740 940 804; x_wconf 85' lang='lat' dir='ltr'><strong>Atticum</strong></span> <span class='ocrx_word' id='word_1_39' title='bbox 958 741 1038 805; x_wconf 86' lang='lat' dir='ltr'><strong>iutu-</strong></span> 
     </span>
     <span class='ocr_line' id='line_1_7' title="bbox 118 837 1036 923; baseline -0.004 -18"><span class='ocrx_word' id='word_1_40' title='bbox 118 860 182 905; x_wconf 91' lang='lat' dir='ltr'><strong>rum</strong></span> <span class='ocrx_word' id='word_1_41' title='bbox 199 850 332 923; x_wconf 87' lang='lat' dir='ltr'><strong>putarat,</strong></span> <span class='ocrx_word' id='word_1_42' title='bbox 348 846 466 921; x_wconf 93' lang='lat' dir='ltr'><strong>propter</strong></span> <span class='ocrx_word' id='word_1_43' title='bbox 487 839 621 914; x_wconf 90' lang='lat' dir='ltr'><strong>intimam</strong></span> <span class='ocrx_word' id='word_1_44' title='bbox 641 838 869 901; x_wconf 80' lang='lat' dir='ltr'><strong>familiaritatem</strong></span> <span class='ocrx_word' id='word_1_45' title='bbox 886 837 1036 902; x_wconf 80' lang='lat' dir='ltr'><strong>Ciceronis</strong></span> 
     </span>
     <span class='ocr_line' id='line_1_8' title="bbox 118 934 1036 1017; baseline -0.003 -16"><span class='ocrx_word' id='word_1_46' title='bbox 118 947 147 1001; x_wconf 92' lang='lat' dir='ltr'><strong>et</strong></span> <span class='ocrx_word' id='word_1_47' title='bbox 164 938 259 999; x_wconf 84' lang='lat' dir='ltr'><strong>Bruti.</strong></span> <span class='ocrx_word' id='word_1_48' title='bbox 275 936 377 1017; x_wconf 89' lang='lat' dir='ltr'><strong>Itaque</strong></span> <span class='ocrx_word' id='word_1_49' title='bbox 391 935 428 997; x_wconf 88' lang='lat' dir='ltr'><strong>ad</strong></span> <span class='ocrx_word' id='word_1_50' title='bbox 443 936 601 997; x_wconf 90' lang='lat' dir='ltr'><strong>adveutum</strong></span> <span class='ocrx_word' id='word_1_51' title='bbox 618 935 829 1015; x_wconf 86' lang='lat' dir='ltr'><strong>imperatorum</strong></span> <span class='ocrx_word' id='word_1_52' title='bbox 849 935 896 1016; x_wconf 84' lang='lat' dir='ltr'><strong>(i)</strong></span> <span class='ocrx_word' id='word_1_53' title='bbox 911 935 948 996; x_wconf 89' lang='lat' dir='ltr'><strong>de</strong></span> <span class='ocrx_word' id='word_1_54' title='bbox 972 934 1036 998; x_wconf 86' lang='lat' dir='ltr'><strong>iuro</strong></span> 
     </span>
     <span class='ocr_line' id='line_1_9' title="bbox 118 1030 1038 1117; baseline -0.005 -20"><span class='ocrx_word' id='word_1_55' title='bbox 118 1037 296 1110; x_wconf 76' lang='lat' dir='ltr'><strong>decesserat,</strong></span> <span class='ocrx_word' id='word_1_56' title='bbox 313 1033 420 1096; x_wconf 91' lang='lat' dir='ltr'><strong>timens</strong></span> <span class='ocrx_word' id='word_1_57' title='bbox 434 1032 689 1114; x_wconf 88' lang='lat' dir='ltr'><strong>proscriptionem:</strong></span> <span class='ocrx_word' id='word_1_58' title='bbox 706 1031 874 1113; x_wconf 87' lang='lat' dir='ltr'><strong>latebatque</strong></span> <span class='ocrx_word' id='word_1_59' title='bbox 887 1032 963 1114; x_wconf 87' lang='lat' dir='ltr'><strong>apud</strong></span> <span class='ocrx_word' id='word_1_60' title='bbox 976 1030 1038 1117; x_wconf 78' lang='lat' dir='ltr'><strong>Pu-</strong></span> 
     </span>
     <span class='ocr_line' id='line_1_10' title="bbox 120 1128 1037 1211; baseline -0.004 -15"><span class='ocrx_word' id='word_1_61' title='bbox 120 1132 213 1198; x_wconf 91' lang='lat' dir='ltr'><strong>blium</strong></span> <span class='ocrx_word' id='word_1_62' title='bbox 232 1128 436 1206; x_wconf 85' lang='lat' dir='ltr'><strong>Volumnium,</strong></span> <span class='ocrx_word' id='word_1_63' title='bbox 456 1129 522 1206; x_wconf 90' lang='lat' dir='ltr'><strong>oui,</strong></span> <span class='ocrx_word' id='word_1_64' title='bbox 541 1138 574 1192; x_wconf 94' lang='lat' dir='ltr'><strong>ut</strong></span> <span class='ocrx_word' id='word_1_65' title='bbox 592 1129 775 1192; x_wconf 87' lang='lat' dir='ltr'><strong>ostendimus</strong></span> <span class='ocrx_word' id='word_1_66' title='bbox 793 1130 881 1211; x_wconf 88' lang='lat' dir='ltr'><strong>paulo</strong></span> <span class='ocrx_word' id='word_1_67' title='bbox 901 1138 980 1204; x_wconf 89' lang='lat' dir='ltr'><strong>ante,</strong></span> <span class='ocrx_word' id='word_1_68' title='bbox 1002 1147 1037 1192; x_wconf 93' lang='lat'><strong>0-</strong></span> 
     </span>
     <span class='ocr_line' id='line_1_11' title="bbox 120 1226 1048 1310; baseline -0.003 -19"><span class='ocrx_word' id='word_1_69' title='bbox 120 1248 187 1310; x_wconf 89' lang='lat' dir='ltr'><strong>pem</strong></span> <span class='ocrx_word' id='word_1_70' title='bbox 207 1229 323 1292; x_wconf 80' lang='lat' dir='ltr'><strong>tulerat.</strong></span> <span class='ocrx_word' id='word_1_71' title='bbox 344 1227 437 1291; x_wconf 84' lang='lat' dir='ltr'><strong>Tanta</strong></span> <span class='ocrx_word' id='word_1_72' title='bbox 455 1228 579 1290; x_wconf 84' lang='lat' dir='ltr'><strong>varietas</strong></span> <span class='ocrx_word' id='word_1_73' title='bbox 597 1227 628 1289; x_wconf 93' lang='lat' dir='ltr'><strong>in</strong></span> <span class='ocrx_word' id='word_1_74' title='bbox 646 1227 692 1289; x_wconf 92' lang='lat' dir='ltr'><strong>his</strong></span> <span class='ocrx_word' id='word_1_75' title='bbox 711 1226 893 1309; x_wconf 81' lang='lat' dir='ltr'><strong>temporibus</strong></span> <span class='ocrx_word' id='word_1_76' title='bbox 911 1227 967 1289; x_wconf 82' lang='lat' dir='ltr'><strong>tuit</strong></span> <span class='ocrx_word' id='word_1_77' title='bbox 980 1227 1048 1289; x_wconf 34' lang='lat' dir='ltr'><strong>for-³</strong></span> 
     </span>
     <span class='ocr_line' id='line_1_12' title="bbox 122 1324 1046 1402; baseline -0.002 -14"><span class='ocrx_word' id='word_1_78' title='bbox 122 1334 223 1402; x_wconf 88' lang='lat' dir='ltr'><strong>tunue,</strong></span> <span class='ocrx_word' id='word_1_79' title='bbox 246 1334 279 1388; x_wconf 89' lang='lat' dir='ltr'><strong>ut</strong></span> <span class='ocrx_word' id='word_1_80' title='bbox 297 1325 383 1387; x_wconf 91' lang='lat' dir='ltr'><strong>modo</strong></span> <span class='ocrx_word' id='word_1_81' title='bbox 402 1324 444 1402; x_wconf 90' lang='lat' dir='ltr'><strong>bi,</strong></span> <span class='ocrx_word' id='word_1_82' title='bbox 465 1324 613 1387; x_wconf 80' lang='lat' dir='ltr'><strong>modo&#39;illi</strong></span> <span class='ocrx_word' id='word_1_83' title='bbox 628 1324 658 1386; x_wconf 90' lang='lat' dir='ltr'><strong>iu</strong></span> <span class='ocrx_word' id='word_1_84' title='bbox 676 1342 794 1387; x_wconf 88' lang='lat' dir='ltr'><strong>summo</strong></span> <span class='ocrx_word' id='word_1_85' title='bbox 806 1334 904 1386; x_wconf 88' lang='lat' dir='ltr'><strong>essent</strong></span> <span class='ocrx_word' id='word_1_86' title='bbox 924 1332 975 1386; x_wconf 92' lang='lat' dir='ltr'><strong>aut</strong></span> <span class='ocrx_word' id='word_1_87' title='bbox 991 1325 1046 1387; x_wconf 49' lang='lat' dir='ltr'><strong>tam</strong></span> 
     </span>
     <span class='ocr_line' id='line_1_13' title="bbox 75 1414 1052 1502; baseline 0.001 -18"><span class='ocrx_word' id='word_1_88' title='bbox 75 1435 78 1442; x_wconf 89' lang='grc'><strong>’</strong></span> <span class='ocrx_word' id='word_1_89' title='bbox 122 1422 207 1500; x_wconf 75' lang='lat' dir='ltr'><strong>stigio</strong></span> <span class='ocrx_word' id='word_1_90' title='bbox 226 1431 276 1483; x_wconf 87' lang='lat' dir='ltr'><strong>aut</strong></span> <span class='ocrx_word' id='word_1_91' title='bbox 300 1423 442 1502; x_wconf 89' lang='lat' dir='ltr'><strong>periculo.</strong></span> <span class='ocrx_word' id='word_1_92' title='bbox 466 1420 600 1484; x_wconf 85' lang='lat' dir='ltr'><strong>Habebat</strong></span> <span class='ocrx_word' id='word_1_93' title='bbox 626 1440 739 1484; x_wconf 88' lang='lat' dir='ltr'><strong>secum.</strong></span> <span class='ocrx_word' id='word_1_94' title='bbox 754 1419 895 1494; x_wconf 86' lang='lat' dir='ltr'><strong>Quintum</strong></span> <span class='ocrx_word' id='word_1_95' title='bbox 913 1414 1052 1485; x_wconf 81' lang='lat' dir='ltr'><strong>Gellium&#39;</strong></span> 
     </span>
     <span class='ocr_line' id='line_1_14' title="bbox 122 1505 1055 1606; baseline -0.002 -24"><span class='ocrx_word' id='word_1_96' title='bbox 122 1519 246 1596; x_wconf 89' lang='lat' dir='ltr'><strong>Canum,</strong></span> <span class='ocrx_word' id='word_1_97' title='bbox 266 1521 433 1600; x_wconf 89' lang='lat' dir='ltr'><strong>aequalem,</strong></span> <span class='ocrx_word' id='word_1_98' title='bbox 452 1512 695 1602; x_wconf 83' lang='lat' dir='ltr'><strong>simillimumque</strong></span> <span class='ocrx_word' id='word_1_99' title='bbox 714 1519 770 1582; x_wconf 89' lang='lat' dir='ltr'><strong>sui.</strong></span> <span class='ocrx_word' id='word_1_100' title='bbox 791 1517 852 1580; x_wconf 89' lang='lat' dir='ltr'><strong>Hoc</strong></span> <span class='ocrx_word' id='word_1_101' title='bbox 864 1537 982 1601; x_wconf 88' lang='lat' dir='ltr'><strong>quoque</strong></span> <span class='ocrx_word' id='word_1_102' title='bbox 1001 1505 1055 1606; x_wconf 64' lang='lat' dir='ltr'><strong>siti</strong></span> 
     </span>
     <span class='ocr_line' id='line_1_15' title="bbox 123 1615 1052 1698; baseline 0.002 -21"><span class='ocrx_word' id='word_1_103' title='bbox 123 1616 211 1678; x_wconf 78' lang='lat' dir='ltr'><strong>Attici</strong></span> <span class='ocrx_word' id='word_1_104' title='bbox 233 1615 373 1679; x_wconf 85' lang='lat' dir='ltr'><strong>bonitatis</strong></span> <span class='ocrx_word' id='word_1_105' title='bbox 399 1617 577 1698; x_wconf 83' lang='lat' dir='ltr'><strong>exemplum,</strong></span> <span class='ocrx_word' id='word_1_106' title='bbox 600 1617 679 1697; x_wconf 90' lang='lat' dir='ltr'><strong>quod</strong></span> <span class='ocrx_word' id='word_1_107' title='bbox 706 1636 773 1679; x_wconf 90' lang='lat' dir='ltr'><strong>cum</strong></span> <span class='ocrx_word' id='word_1_108' title='bbox 792 1635 840 1694; x_wconf 93' lang='lat' dir='ltr'><strong>eo,</strong></span> <span class='ocrx_word' id='word_1_109' title='bbox 858 1636 944 1698; x_wconf 88' lang='lat' dir='ltr'><strong>quem</strong></span> <span class='ocrx_word' id='word_1_110' title='bbox 963 1634 1047 1698; x_wconf 89' lang='lat' dir='ltr'><strong>pue</strong></span> <span class='ocrx_word' id='word_1_111' title='bbox 1050 1632 1052 1637; x_wconf 55' lang='lat'><strong><em>⁴</em></strong></span> 
     </span>
     <span class='ocr_line' id='line_1_16' title="bbox 124 1699 1053 1791; baseline 0.003 -19"><span class='ocrx_word' id='word_1_112' title='bbox 124 1730 188 1774; x_wconf 91' lang='lat' dir='ltr'><strong>rum</strong></span> <span class='ocrx_word' id='word_1_113' title='bbox 207 1713 239 1773; x_wconf 89' lang='lat' dir='ltr'><strong>iu</strong></span> <span class='ocrx_word' id='word_1_114' title='bbox 262 1712 333 1774; x_wconf 92' lang='lat' dir='ltr'><strong>ludo</strong></span> <span class='ocrx_word' id='word_1_115' title='bbox 352 1722 538 1791; x_wconf 80' lang='lat' dir='ltr'><strong>cognoverat,</strong></span> <span class='ocrx_word' id='word_1_116' title='bbox 564 1713 636 1775; x_wconf 88' lang='lat' dir='ltr'><strong>adeo</strong></span> <span class='ocrx_word' id='word_1_117' title='bbox 663 1714 818 1776; x_wconf 86' lang='lat' dir='ltr'><strong>coniuncte</strong></span> <span class='ocrx_word' id='word_1_118' title='bbox 836 1714 925 1791; x_wconf 78' lang='lat' dir='ltr'><strong>vixit,</strong></span> <span class='ocrx_word' id='word_1_119' title='bbox 951 1722 984 1776; x_wconf 89' lang='lat' dir='ltr'><strong>ut</strong></span> <span class='ocrx_word' id='word_1_120' title='bbox 1003 1699 1053 1776; x_wconf 60' lang='lat' dir='ltr'><strong>ad*</strong></span> 
     </span>
     <span class='ocr_line' id='line_1_17' title="bbox 125 1797 1053 1872; baseline 0.002 -2"><span class='ocrx_word' id='word_1_121' title='bbox 125 1818 283 1871; x_wconf 84' lang='lat' dir='ltr'><strong>extremam</strong></span> <span class='ocrx_word' id='word_1_122' title='bbox 308 1816 432 1870; x_wconf 90' lang='lat' dir='ltr'><strong>aetatem</strong></span> <span class='ocrx_word' id='word_1_123' title='bbox 452 1808 583 1869; x_wconf 87' lang='lat' dir='ltr'><strong>amicitia</strong></span> <span class='ocrx_word' id='word_1_124' title='bbox 607 1803 709 1872; x_wconf 82' lang='lat' dir='ltr'><strong>eoru&#39;m</strong></span> <span class='ocrx_word' id='word_1_125' title='bbox 736 1810 871 1872; x_wconf 88' lang='lat' dir='ltr'><strong>creverit.</strong></span> <span class='ocrx_word' id='word_1_126' title='bbox 895 1797 1053 1872; x_wconf 84' lang='lat' dir='ltr'><strong>Antonius·</strong></span> 
     </span>
     <span class='ocr_line' id='line_1_18' title="bbox 126 1902 1041 1983; baseline 0.007 -18"><span class='ocrx_word' id='word_1_127' title='bbox 126 1912 237 1979; x_wconf 89' lang='lat' dir='ltr'><strong>autem,</strong></span> <span class='ocrx_word' id='word_1_128' title='bbox 258 1902 314 1965; x_wconf 90' lang='lat' dir='ltr'><strong>etsi</strong></span> <span class='ocrx_word' id='word_1_129' title='bbox 332 1910 413 1965; x_wconf 87' lang='lat' dir='ltr'><strong>tanto</strong></span> <span class='ocrx_word' id='word_1_130' title='bbox 429 1903 496 1965; x_wconf 93' lang='lat' dir='ltr'><strong>odio</strong></span> <span class='ocrx_word' id='word_1_131' title='bbox 512 1903 687 1966; x_wconf 87' lang='lat' dir='ltr'><strong>serebatur</strong></span> <span class='ocrx_word' id='word_1_132' title='bbox 679 1924 709 1966; x_wconf 91' lang='lat' dir='ltr'><strong>m</strong></span> <span class='ocrx_word' id='word_1_133' title='bbox 727 1904 911 1983; x_wconf 84' lang='lat' dir='ltr'><strong>Ciceronem,</strong></span> <span class='ocrx_word' id='word_1_134' title='bbox 930 1914 1041 1971; x_wconf 85' lang='lat' dir='ltr'><strong>utnon</strong></span> 
     </span>
     <span class='ocr_line' id='line_1_19' title="bbox 127 1999 1043 2076; baseline 0.002 -15"><span class='ocrx_word' id='word_1_135' title='bbox 127 1999 222 2061; x_wconf 89' lang='lat' dir='ltr'><strong>solum</strong></span> <span class='ocrx_word' id='word_1_136' title='bbox 242 2000 286 2076; x_wconf 90' lang='lat' dir='ltr'><strong>ei,</strong></span> <span class='ocrx_word' id='word_1_137' title='bbox 305 1999 462 2061; x_wconf 85' lang='lat' dir='ltr'><strong>sedetiam</strong></span> <span class='ocrx_word' id='word_1_138' title='bbox 483 2000 621 2065; x_wconf 90' lang='lat' dir='ltr'><strong>omnibus</strong></span> <span class='ocrx_word' id='word_1_139' title='bbox 639 2002 700 2064; x_wconf 90' lang='lat' dir='ltr'><strong>suis</strong></span> <span class='ocrx_word' id='word_1_140' title='bbox 727 2003 829 2064; x_wconf 86' lang='lat' dir='ltr'><strong>amicis</strong></span> <span class='ocrx_word' id='word_1_141' title='bbox 851 2010 928 2065; x_wconf 91' lang='lat' dir='ltr'><strong>esset</strong></span> <span class='ocrx_word' id='word_1_142' title='bbox 945 2001 1043 2064; x_wconf 92' lang='lat' dir='ltr'><strong>inimi·</strong></span> 
     </span>
     <span class='ocr_line' id='line_1_20' title="bbox 128 2097 1042 2179; baseline 0.004 -22"><span class='ocrx_word' id='word_1_143' title='bbox 128 2115 179 2157; x_wconf 89' lang='lat' dir='ltr'><strong>cus</strong></span> <span class='ocrx_word' id='word_1_144' title='bbox 189 2143 197 2174; x_wconf 94' lang='lat'><strong>,</strong></span> <span class='ocrx_word' id='word_1_145' title='bbox 216 2114 326 2177; x_wconf 87' lang='lat' dir='ltr'><strong>eosque</strong></span> <span class='ocrx_word' id='word_1_146' title='bbox 344 2098 430 2159; x_wconf 86' lang='lat' dir='ltr'><strong>veltet</strong></span> <span class='ocrx_word' id='word_1_147' title='bbox 447 2097 649 2179; x_wconf 85' lang='lat' dir='ltr'><strong>proscribere;</strong></span> <span class='ocrx_word' id='word_1_148' title='bbox 676 2100 775 2161; x_wconf 90' lang='lat' dir='ltr'><strong>multis</strong></span> <span class='ocrx_word' id='word_1_149' title='bbox 793 2098 979 2161; x_wconf 88' lang='lat' dir='ltr'><strong>hortantibus</strong></span> <span class='ocrx_word' id='word_1_150' title='bbox 995 2107 1042 2162; x_wconf 86' lang='lat' dir='ltr'><strong>ta-</strong></span> 
     </span>
     <span class='ocr_line' id='line_1_21' title="bbox 129 2193 1043 2279; baseline 0.004 -25"><span class='ocrx_word' id='word_1_151' title='bbox 129 2211 209 2269; x_wconf 89' lang='lat' dir='ltr'><strong>men,</strong></span> <span class='ocrx_word' id='word_1_152' title='bbox 225 2193 311 2254; x_wconf 84' lang='lat' dir='ltr'><strong>Attici</strong></span> <span class='ocrx_word' id='word_1_153' title='bbox 334 2211 447 2254; x_wconf 90' lang='lat' dir='ltr'><strong>memor</strong></span> <span class='ocrx_word' id='word_1_154' title='bbox 464 2194 519 2255; x_wconf 86' lang='lat' dir='ltr'><strong>fuit</strong></span> <span class='ocrx_word' id='word_1_155' title='bbox 543 2195 647 2258; x_wconf 86' lang='lat' dir='ltr'><strong>officii:</strong></span> <span class='ocrx_word' id='word_1_156' title='bbox 676 2206 705 2259; x_wconf 88' lang='lat' dir='ltr'><strong>et</strong></span> <span class='ocrx_word' id='word_1_157' title='bbox 721 2197 768 2273; x_wconf 88' lang='lat' dir='ltr'><strong>ei,</strong></span> <span class='ocrx_word' id='word_1_158' title='bbox 784 2216 849 2259; x_wconf 91' lang='lat' dir='ltr'><strong>oum</strong></span> <span class='ocrx_word' id='word_1_159' title='bbox 870 2196 1043 2279; x_wconf 88' lang='lat' dir='ltr'><strong>requisisset</strong></span> 
     </span>
     <span class='ocr_line' id='line_1_22' title="bbox 129 2291 1057 2377; baseline 0.005 -26"><span class='ocrx_word' id='word_1_160' title='bbox 129 2291 251 2351; x_wconf 92' lang='lat' dir='ltr'><strong>ubinam</strong></span> <span class='ocrx_word' id='word_1_161' title='bbox 264 2298 353 2366; x_wconf 89' lang='lat' dir='ltr'><strong>esset,</strong></span> <span class='ocrx_word' id='word_1_162' title='bbox 373 2311 426 2352; x_wconf 90' lang='lat' dir='ltr'><strong>sua</strong></span> <span class='ocrx_word' id='word_1_163' title='bbox 443 2309 533 2353; x_wconf 85' lang='lat' dir='ltr'><strong>manu</strong></span> <span class='ocrx_word' id='word_1_164' title='bbox 548 2293 676 2373; x_wconf 88' lang='lat' dir='ltr'><strong>scripsit,</strong></span> <span class='ocrx_word' id='word_1_165' title='bbox 692 2313 729 2356; x_wconf 91' lang='lat' dir='ltr'><strong>ne</strong></span> <span class='ocrx_word' id='word_1_166' title='bbox 742 2295 868 2372; x_wconf 87' lang='lat' dir='ltr'><strong>timeret,</strong></span> <span class='ocrx_word' id='word_1_167' title='bbox 884 2296 1057 2377; x_wconf 79' lang='lat' dir='ltr'><strong>statimque</strong></span> 
     </span>
     <span class='ocr_line' id='line_1_23' title="bbox 130 2387 1042 2469; baseline 0.007 -22"><span class='ocrx_word' id='word_1_168' title='bbox 130 2387 167 2448; x_wconf 88' lang='lat' dir='ltr'><strong>ad</strong></span> <span class='ocrx_word' id='word_1_169' title='bbox 185 2406 217 2448; x_wconf 92' lang='lat' dir='ltr'><strong>se</strong></span> <span class='ocrx_word' id='word_1_170' title='bbox 235 2387 359 2449; x_wconf 84' lang='lat' dir='ltr'><strong>veniret:</strong></span> <span class='ocrx_word' id='word_1_171' title='bbox 379 2405 510 2465; x_wconf 91' lang='lat' dir='ltr'><strong>seeum,</strong></span> <span class='ocrx_word' id='word_1_172' title='bbox 528 2395 558 2451; x_wconf 88' lang='lat' dir='ltr'><strong>et</strong></span> <span class='ocrx_word' id='word_1_173' title='bbox 571 2388 650 2452; x_wconf 88' lang='lat' dir='ltr'><strong>illius</strong></span> <span class='ocrx_word' id='word_1_174' title='bbox 668 2409 768 2469; x_wconf 86' lang='lat' dir='ltr'><strong>causa,</strong></span> <span class='ocrx_word' id='word_1_175' title='bbox 786 2390 912 2455; x_wconf 79' lang='lat' dir='ltr'><strong>Gellium</strong></span> <span class='ocrx_word' id='word_1_176' title='bbox 931 2390 1042 2455; x_wconf 87' lang='lat' dir='ltr'><strong>Canum</strong></span> 
     </span>
     <span class='ocr_line' id='line_1_24' title="bbox 131 2482 1045 2571; baseline 0.008 -27"><span class='ocrx_word' id='word_1_177' title='bbox 131 2484 168 2545; x_wconf 95' lang='lat' dir='ltr'><strong>de</strong></span> <span class='ocrx_word' id='word_1_178' title='bbox 192 2482 422 2564; x_wconf 88' lang='lat' dir='ltr'><strong>proscriptorum</strong></span> <span class='ocrx_word' id='word_1_179' title='bbox 447 2502 571 2547; x_wconf 88' lang='lat' dir='ltr'><strong>numero</strong></span> <span class='ocrx_word' id='word_1_180' title='bbox 595 2487 754 2564; x_wconf 82' lang='lat' dir='ltr'><strong>exemisse,</strong></span> <span class='ocrx_word' id='word_1_181' title='bbox 780 2507 831 2566; x_wconf 88' lang='lat' dir='ltr'><strong>ao,</strong></span> <span class='ocrx_word' id='word_1_182' title='bbox 861 2490 994 2571; x_wconf 87' lang='lat' dir='ltr'><strong>nequod</strong></span> <span class='ocrx_word' id='word_1_183' title='bbox 1012 2488 1045 2551; x_wconf 88' lang='lat' dir='ltr'><strong>iu</strong></span> 
     </span>
     <span class='ocr_line' id='line_1_25' title="bbox 132 2580 1045 2668; baseline 0.007 -27"><span class='ocrx_word' id='word_1_184' title='bbox 132 2580 295 2661; x_wconf 87' lang='lat' dir='ltr'><strong>periculum</strong></span> <span class='ocrx_word' id='word_1_185' title='bbox 314 2580 467 2658; x_wconf 87' lang='lat' dir='ltr'><strong>incideret,</strong></span> <span class='ocrx_word' id='word_1_186' title='bbox 484 2581 562 2662; x_wconf 92' lang='lat' dir='ltr'><strong>quod</strong></span> <span class='ocrx_word' id='word_1_187' title='bbox 580 2592 668 2645; x_wconf 91' lang='lat' dir='ltr'><strong>noctu</strong></span> <span class='ocrx_word' id='word_1_188' title='bbox 682 2585 770 2648; x_wconf 86' lang='lat' dir='ltr'><strong>fiebat</strong></span> <span class='ocrx_word' id='word_1_189' title='bbox 788 2586 847 2668; x_wconf 73' lang='lat'><strong>(2),</strong></span> <span class='ocrx_word' id='word_1_190' title='bbox 865 2587 1045 2667; x_wconf 89' lang='lat' dir='ltr'><strong>praesidium</strong></span> 
     </span>
     <span class='ocr_line' id='line_1_26' title="bbox 133 2674 1043 2758; baseline 0.005 -21"><span class='ocrx_word' id='word_1_191' title='bbox 133 2675 161 2737; x_wconf 93' lang='lat' dir='ltr'><strong>ei</strong></span> <span class='ocrx_word' id='word_1_192' title='bbox 180 2675 270 2738; x_wconf 86' lang='lat' dir='ltr'><strong>misit.</strong></span> <span class='ocrx_word' id='word_1_193' title='bbox 290 2674 338 2737; x_wconf 88' lang='lat' dir='ltr'><strong>Sic</strong></span> <span class='ocrx_word' id='word_1_194' title='bbox 355 2677 467 2739; x_wconf 86' lang='lat' dir='ltr'><strong>Atticus</strong></span> <span class='ocrx_word' id='word_1_195' title='bbox 485 2678 517 2744; x_wconf 90' lang='lat' dir='ltr'><strong>in</strong></span> <span class='ocrx_word' id='word_1_196' title='bbox 536 2697 651 2740; x_wconf 89' lang='lat' dir='ltr'><strong>summo</strong></span> <span class='ocrx_word' id='word_1_197' title='bbox 668 2681 772 2744; x_wconf 87' lang='lat' dir='ltr'><strong>timore</strong></span> <span class='ocrx_word' id='word_1_198' title='bbox 790 2701 849 2747; x_wconf 93' lang='lat' dir='ltr'><strong>non</strong></span> <span class='ocrx_word' id='word_1_199' title='bbox 866 2682 1043 2758; x_wconf 89' lang='lat' dir='ltr'><strong>solumsibi,</strong></span> 
     </span>
     <span class='ocr_line' id='line_1_27' title="bbox 132 2771 1046 2861; baseline 0.007 -29"><span class='ocrx_word' id='word_1_200' title='bbox 132 2771 294 2834; x_wconf 88' lang='lat' dir='ltr'><strong>sedetiam</strong></span> <span class='ocrx_word' id='word_1_201' title='bbox 325 2774 371 2850; x_wconf 92' lang='lat' dir='ltr'><strong>ei,</strong></span> <span class='ocrx_word' id='word_1_202' title='bbox 402 2793 488 2856; x_wconf 87' lang='lat' dir='ltr'><strong>quem</strong></span> <span class='ocrx_word' id='word_1_203' title='bbox 518 2775 702 2838; x_wconf 88' lang='lat' dir='ltr'><strong>carissimum</strong></span> <span class='ocrx_word' id='word_1_204' title='bbox 725 2777 870 2854; x_wconf 86' lang='lat' dir='ltr'><strong>habebat,</strong></span> <span class='ocrx_word' id='word_1_205' title='bbox 901 2777 1046 2861; x_wconf 85' lang='lat' dir='ltr'><strong>praesidio</strong></span> 
     </span>
     <span class='ocr_line' id='line_1_28' title="bbox 133 2869 1046 2957; baseline 0.011 -29"><span class='ocrx_word' id='word_1_206' title='bbox 133 2869 204 2945; x_wconf 77' lang='lat' dir='ltr'><strong>fuit,</strong></span> <span class='ocrx_word' id='word_1_207' title='bbox 226 2888 322 2949; x_wconf 90' lang='lat' dir='ltr'><strong>neque</strong></span> <span class='ocrx_word' id='word_1_208' title='bbox 340 2871 418 2932; x_wconf 89' lang='lat' dir='ltr'><strong>enim</strong></span> <span class='ocrx_word' id='word_1_209' title='bbox 438 2890 509 2933; x_wconf 87' lang='lat' dir='ltr'><strong>suae</strong></span> <span class='ocrx_word' id='word_1_210' title='bbox 522 2874 616 2934; x_wconf 89' lang='lat' dir='ltr'><strong>solum</strong></span> <span class='ocrx_word' id='word_1_211' title='bbox 634 2893 651 2935; x_wconf 91' lang='lat' dir='ltr'><strong>a</strong></span> <span class='ocrx_word' id='word_1_212' title='bbox 669 2893 816 2956; x_wconf 88' lang='lat' dir='ltr'><strong>quoquam</strong></span> <span class='ocrx_word' id='word_1_213' title='bbox 835 2877 976 2938; x_wconf 82' lang='lat' dir='ltr'><strong>auxilium</strong></span> <span class='ocrx_word' id='word_1_214' title='bbox 991 2894 1046 2957; x_wconf 88' lang='lat' dir='ltr'><strong>pe·</strong></span> 
     </span>
     <span class='ocr_line' id='line_1_29' title="bbox 135 2965 1054 3052; baseline 0.011 -28"><span class='ocrx_word' id='word_1_215' title='bbox 135 2965 182 3025; x_wconf 86' lang='lat' dir='ltr'><strong>tiit</strong></span> <span class='ocrx_word' id='word_1_216' title='bbox 199 2966 314 3042; x_wconf 83' lang='lat' dir='ltr'><strong>salutis,</strong></span> <span class='ocrx_word' id='word_1_217' title='bbox 334 2968 384 3028; x_wconf 91' lang='lat' dir='ltr'><strong>sed</strong></span> <span class='ocrx_word' id='word_1_218' title='bbox 401 2968 594 3046; x_wconf 84' lang='lat' dir='ltr'><strong>coniunctim,</strong></span> <span class='ocrx_word' id='word_1_219' title='bbox 610 2980 642 3031; x_wconf 91' lang='lat' dir='ltr'><strong>ut</strong></span> <span class='ocrx_word' id='word_1_220' title='bbox 656 2980 811 3052; x_wconf 85' lang='lat' dir='ltr'><strong>appareret</strong></span> <span class='ocrx_word' id='word_1_221' title='bbox 826 2975 936 3036; x_wconf 81' lang='lat' dir='ltr'><strong>nullom</strong></span> <span class='ocrx_word' id='word_1_222' title='bbox 950 2970 1054 3035; x_wconf 72' lang='lat' dir='ltr'><strong>seiun-v</strong></span> 
     </span>
     <span class='ocr_line' id='line_1_30' title="bbox 136 3063 1049 3150; baseline 0.011 -29"><span class='ocrx_word' id='word_1_223' title='bbox 136 3070 212 3122; x_wconf 86' lang='lat' dir='ltr'><strong>ctam</strong></span> <span class='ocrx_word' id='word_1_224' title='bbox 230 3063 288 3124; x_wconf 84' lang='lat' dir='ltr'><strong>sibi</strong></span> <span class='ocrx_word' id='word_1_225' title='bbox 306 3063 342 3126; x_wconf 93' lang='lat' dir='ltr'><strong>ab</strong></span> <span class='ocrx_word' id='word_1_226' title='bbox 365 3083 400 3129; x_wconf 84' lang='lat' dir='ltr'><strong>oo</strong></span> <span class='ocrx_word' id='word_1_227' title='bbox 425 3065 498 3128; x_wconf 88' lang='lat' dir='ltr'><strong>veile</strong></span> <span class='ocrx_word' id='word_1_228' title='bbox 520 3066 681 3132; x_wconf 80' lang='lat' dir='ltr'><strong>fortunam.</strong></span> <span class='ocrx_word' id='word_1_229' title='bbox 711 3065 793 3148; x_wconf 80' lang='lat' dir='ltr'><strong>Quod</strong></span> <span class='ocrx_word' id='word_1_230' title='bbox 817 3071 843 3132; x_wconf 95' lang='lat' dir='ltr'><strong>si</strong></span> <span class='ocrx_word' id='word_1_231' title='bbox 869 3071 1049 3150; x_wconf 87' lang='lat' dir='ltr'><strong>gubernator</strong></span> 
     </span>
    </p>
   </div>
   <div class='ocr_carea' id='block_1_3' title="bbox 137 3256 1050 3371">
    <p class='ocr_par' dir='ltr' id='par_1_4' title="bbox 137 3256 1050 3371">
     <span class='ocr_line' id='line_1_31' title="bbox 137 3256 1050 3370; baseline 0.016 -69"><span class='ocrx_word' id='word_1_232' title='bbox 137 3327 146 3370; x_wconf 52' lang='grc' dir='ltr'>ί</span> <span class='ocrx_word' id='word_1_233' title='bbox 167 3256 198 3316; x_wconf 74' lang='lat' dir='ltr'><strong>(t)</strong></span> <span class='ocrx_word' id='word_1_234' title='bbox 214 3261 384 3308; x_wconf 78' lang='lat' dir='ltr'><strong>consenserant</strong></span> <span class='ocrx_word' id='word_1_235' title='bbox 405 3263 469 3308; x_wconf 88' lang='lat' dir='ltr'><strong>onim</strong></span> <span class='ocrx_word' id='word_1_236' title='bbox 495 3263 519 3308; x_wconf 87' lang='lat' dir='ltr'><strong>iu</strong></span> <span class='ocrx_word' id='word_1_237' title='bbox 541 3263 684 3312; x_wconf 84' lang='lat' dir='ltr'><strong>triumviratu</strong></span> <span class='ocrx_word' id='word_1_238' title='bbox 706 3266 829 3318; x_wconf 81' lang='lat' dir='ltr'><strong>Octavius,</strong></span> <span class='ocrx_word' id='word_1_239' title='bbox 847 3267 947 3327; x_wconf 81' lang='lat' dir='ltr'><strong>Lepidus</strong></span> <span class='ocrx_word' id='word_1_240' title='bbox 962 3270 985 3315; x_wconf 82' lang='lat' dir='ltr'><strong>ot</strong></span> <span class='ocrx_word' id='word_1_241' title='bbox 1006 3271 1050 3314; x_wconf 78' lang='lat' dir='ltr'><strong>tn·</strong></span> 
     </span>
     <span class='ocr_line' id='line_1_32' title="bbox 148 3328 222 3371; baseline 0.015 -1"><span class='ocrx_word' id='word_1_242' title='bbox 148 3328 222 3371; x_wconf 81' lang='lat' dir='ltr'><strong>onius.</strong></span> 
     </span>
    </p>
   </div>
   <div class='ocr_carea' id='block_1_4' title="bbox 138 3396 1052 3532">
    <p class='ocr_par' dir='ltr' id='par_1_5' title="bbox 138 3396 1052 3532">
     <span class='ocr_line' id='line_1_33' title="bbox 168 3396 1052 3496; baseline 0.018 -55.165"><span class='ocrx_word' id='word_1_243' title='bbox 168 3396 197 3455; x_wconf 72' lang='lat'><strong>(2)</strong></span> <span class='ocrx_word' id='word_1_244' title='bbox 168 3398 341 3450; x_wconf 83' lang='lat' dir='ltr'><strong>(Nocturnae</strong></span> <span class='ocrx_word' id='word_1_245' title='bbox 357 3401 420 3446; x_wconf 86' lang='lat' dir='ltr'><strong>onim</strong></span> <span class='ocrx_word' id='word_1_246' title='bbox 434 3402 579 3460; x_wconf 78' lang='lat' dir='ltr'><strong>promiscuae</strong></span> <span class='ocrx_word' id='word_1_247' title='bbox 588 3403 671 3451; x_wconf 79' lang='lat' dir='ltr'><strong>credes</strong></span> <span class='ocrx_word' id='word_1_248' title='bbox 681 3416 695 3449; x_wconf 86' lang='lat' dir='ltr'><strong>u</strong></span> <span class='ocrx_word' id='word_1_249' title='bbox 705 3405 821 3452; x_wconf 86' lang='lat' dir='ltr'><strong>nonnullis</strong></span> <span class='ocrx_word' id='word_1_250' title='bbox 833 3407 977 3480; x_wconf 75' lang='lat' dir='ltr'><strong>agebantur,</strong></span> <span class='ocrx_word' id='word_1_251' title='bbox 983 3411 1052 3496; x_wconf 75' lang='lat' dir='ltr'><strong>edum</strong></span> 
     </span>
     <span class='ocr_line' id='line_1_34' title="bbox 138 3466 753 3532; baseline 0.016 -23"><span class='ocrx_word' id='word_1_252' title='bbox 138 3466 188 3510; x_wconf 77' lang='lat' dir='ltr'><strong>niue</strong></span> <span class='ocrx_word' id='word_1_253' title='bbox 200 3466 341 3530; x_wconf 81' lang='lat' dir='ltr'><strong>auctoribus,</strong></span> <span class='ocrx_word' id='word_1_254' title='bbox 356 3469 383 3515; x_wconf 87' lang='lat' dir='ltr'><strong>ut</strong></span> <span class='ocrx_word' id='word_1_255' title='bbox 399 3480 441 3516; x_wconf 79' lang='lat' dir='ltr'><strong>suu</strong></span> <span class='ocrx_word' id='word_1_256' title='bbox 454 3469 542 3531; x_wconf 78' lang='lat' dir='ltr'><strong>privetu</strong></span> <span class='ocrx_word' id='word_1_257' title='bbox 557 3471 611 3518; x_wconf 82' lang='lat' dir='ltr'><strong>odiu</strong></span> <span class='ocrx_word' id='word_1_258' title='bbox 625 3474 753 3532; x_wconf 83' lang='lat' dir='ltr'><strong>explerent.</strong></span> 
     </span>
    </p>
   </div>
   <div class='ocr_carea' id='block_1_5' title="bbox 0 0 1259 3938">
    <p class='ocr_par' dir='ltr' id='par_1_6' title="bbox 0 0 1259 3938">
     <span class='ocr_line' id='line_1_35' title="bbox 0 0 1259 3938; baseline 0 0"><span class='ocrx_word' id='word_1_259' title='bbox 0 0 1259 3938; x_wconf 95' lang='lat' dir='ltr'><strong> </strong></span> 
     </span>
    </p>
   </div>
  </div>
 </body>
</html>
