<?xml version="1.0" encoding="UTF-8"?>
<!DOCTYPE html PUBLIC "-//W3C//DTD XHTML 1.0 Transitional//EN"
    "http://www.w3.org/TR/xhtml1/DTD/xhtml1-transitional.dtd">
<html xmlns="http://www.w3.org/1999/xhtml" xml:lang="en" lang="en">
 <head>
  <title>
</title>
<meta http-equiv="Content-Type" content="text/html;charset=utf-8" />
  <meta name='ocr-system' content='tesseract 3.04.00' />
  <meta name='ocr-capabilities' content='ocr_page ocr_carea ocr_par ocr_line ocrx_word'/>
</head>
<body>
  <div class='ocr_page' id='page_1' title='image "./corneliinepotis18nepogoog_0161.png"; bbox 0 0 2452 3938; ppageno 0'>
   <div class='ocr_carea' id='block_1_1' title="bbox 228 223 765 294">
    <p class='ocr_par' dir='ltr' id='par_1_1' title="bbox 228 223 765 294">
     <span class='ocr_line' id='line_1_1' title="bbox 228 223 765 294; baseline -0.007 0"><span class='ocrx_word' id='word_1_1' title='bbox 228 231 289 294; x_wconf 78' lang='lat'>156</span> <span class='ocrx_word' id='word_1_2' title='bbox 402 273 404 278; x_wconf 88' lang='lat'>-</span> <span class='ocrx_word' id='word_1_3' title='bbox 614 223 765 290; x_wconf 79' lang='lat' dir='ltr'>&#39;unnmmn</span> 
     </span>
    </p>
   </div>
   <div class='ocr_carea' id='block_1_2' title="bbox 127 333 1153 2842">
    <p class='ocr_par' dir='ltr' id='par_1_2' title="bbox 214 333 1153 1695">
     <span class='ocr_line' id='line_1_2' title="bbox 227 333 1152 418; baseline -0.004 -18"><span class='ocrx_word' id='word_1_4' title='bbox 227 336 383 418; x_wconf 77' lang='lat' dir='ltr'>Gortynios</span> <span class='ocrx_word' id='word_1_5' title='bbox 393 336 439 418; x_wconf 88' lang='lat' dir='ltr'>(l)</span> <span class='ocrx_word' id='word_1_6' title='bbox 457 336 553 413; x_wconf 86' lang='lat' dir='ltr'>venit,</span> <span class='ocrx_word' id='word_1_7' title='bbox 573 344 606 399; x_wconf 91' lang='lat' dir='ltr'>ut</span> <span class='ocrx_word' id='word_1_8' title='bbox 629 335 688 414; x_wconf 91' lang='lat' dir='ltr'>ibi,</span> <span class='ocrx_word' id='word_1_9' title='bbox 705 356 764 417; x_wconf 91' lang='lat' dir='ltr'>quo</span> <span class='ocrx_word' id='word_1_10' title='bbox 794 353 826 398; x_wconf 86' lang='lat' dir='ltr'>sc</span> <span class='ocrx_word' id='word_1_11' title='bbox 853 333 1152 407; x_wconf 82' lang='lat' dir='ltr'>conferretconside-</span> 
     </span>
     <span class='ocr_line' id='line_1_3' title="bbox 225 431 1153 509; baseline -0.002 -16"><span class='ocrx_word' id='word_1_12' title='bbox 225 442 315 496; x_wconf 80' lang='lat' dir='ltr'>naret.</span> <span class='ocrx_word' id='word_1_13' title='bbox 333 432 414 496; x_wconf 85' lang='lat' dir='ltr'>Vidit</span> <span class='ocrx_word' id='word_1_14' title='bbox 432 442 530 495; x_wconf 89' lang='lat' dir='ltr'>autem</span> <span class='ocrx_word' id='word_1_15' title='bbox 549 433 605 509; x_wconf 85' lang='lat' dir='ltr'>vir,</span> <span class='ocrx_word' id='word_1_16' title='bbox 630 433 764 494; x_wconf 90' lang='lat' dir='ltr'>omnium</span> <span class='ocrx_word' id='word_1_17' title='bbox 795 431 1022 508; x_wconf 83' lang='lat' dir='ltr'>callidissimus,</span> <span class='ocrx_word' id='word_1_18' title='bbox 1043 449 1153 508; x_wconf 83' lang='lat' dir='ltr'>magno</span> 
     </span>
     <span class='ocr_line' id='line_1_4' title="bbox 225 528 1151 611; baseline -0.002 -20"><span class='ocrx_word' id='word_1_19' title='bbox 225 547 257 592; x_wconf 91' lang='lat' dir='ltr'>se</span> <span class='ocrx_word' id='word_1_20' title='bbox 275 530 337 592; x_wconf 91' lang='lat' dir='ltr'>lore</span> <span class='ocrx_word' id='word_1_21' title='bbox 357 530 501 611; x_wconf 88' lang='lat' dir='ltr'>periculo,</span> <span class='ocrx_word' id='word_1_22' title='bbox 521 529 579 592; x_wconf 92' lang='lat' dir='ltr'>nisi</span> <span class='ocrx_word' id='word_1_23' title='bbox 595 529 667 611; x_wconf 92' lang='lat' dir='ltr'>quid</span> <span class='ocrx_word' id='word_1_24' title='bbox 688 528 893 610; x_wconf 73' lang='lat' dir='ltr'>praevidisset,</span> <span class='ocrx_word' id='word_1_25' title='bbox 913 535 1034 610; x_wconf 88' lang='lat' dir='ltr'>propter</span> <span class='ocrx_word' id='word_1_26' title='bbox 1051 529 1151 589; x_wconf 87' lang='lat' dir='ltr'>arari·</span> 
     </span>
     <span class='ocr_line' id='line_1_5' title="bbox 226 623 1149 706; baseline -0.004 -18"><span class='ocrx_word' id='word_1_27' title='bbox 226 627 296 688; x_wconf 89' lang='lat' dir='ltr'>tiam</span> <span class='ocrx_word' id='word_1_28' title='bbox 315 626 512 690; x_wconf 79' lang='lat' dir='ltr'>Cretensium.</span> <span class='ocrx_word' id='word_1_29' title='bbox 528 625 662 705; x_wconf 83' lang='lat' dir='ltr'><strong>Magnam</strong></span> <span class='ocrx_word' id='word_1_30' title='bbox 681 625 761 688; x_wconf 89' lang='lat' dir='ltr'>enim</span> <span class='ocrx_word' id='word_1_31' title='bbox 780 644 880 689; x_wconf 89' lang='lat' dir='ltr'>secum</span> <span class='ocrx_word' id='word_1_32' title='bbox 900 623 1058 706; x_wconf 88' lang='lat' dir='ltr'>pecuniam</span> <span class='ocrx_word' id='word_1_33' title='bbox 1077 641 1149 705; x_wconf 91' lang='lat' dir='ltr'>por-</span> 
     </span>
     <span class='ocr_line' id='line_1_6' title="bbox 225 720 1152 804; baseline -0.003 -19"><span class='ocrx_word' id='word_1_34' title='bbox 225 723 318 801; x_wconf 80' lang='lat' dir='ltr'><strong>tabat,</strong></span> <span class='ocrx_word' id='word_1_35' title='bbox 338 723 374 784; x_wconf 91' lang='lat' dir='ltr'>de</span> <span class='ocrx_word' id='word_1_36' title='bbox 399 742 457 804; x_wconf 84' lang='lat' dir='ltr'>qua</span> <span class='ocrx_word' id='word_1_37' title='bbox 484 723 597 786; x_wconf 90' lang='lat' dir='ltr'>sciebat</span> <span class='ocrx_word' id='word_1_38' title='bbox 612 723 706 785; x_wconf 86' lang='lat' dir='ltr'>exisse</span> <span class='ocrx_word' id='word_1_39' title='bbox 724 723 846 785; x_wconf 91' lang='lat' dir='ltr'>lamam.</span> <span class='ocrx_word' id='word_1_40' title='bbox 867 720 971 803; x_wconf 92' lang='lat' dir='ltr'>ltaque</span> <span class='ocrx_word' id='word_1_41' title='bbox 988 721 1069 802; x_wconf 85' lang='lat' dir='ltr'><strong>capit</strong></span> <span class='ocrx_word' id='word_1_42' title='bbox 1091 723 1152 783; x_wconf 90' lang='lat' dir='ltr'>tale</span> 
     </span>
     <span class='ocr_line' id='line_1_7' title="bbox 223 818 1148 901; baseline 0 -21"><span class='ocrx_word' id='word_1_43' title='bbox 223 819 397 881; x_wconf 90' lang='lat' dir='ltr'>consilium:</span> <span class='ocrx_word' id='word_1_44' title='bbox 412 820 572 900; x_wconf 86' lang='lat' dir='ltr'><strong>amphoras</strong></span> <span class='ocrx_word' id='word_1_45' title='bbox 587 821 755 901; x_wconf 87' lang='lat' dir='ltr'>complures</span> <span class='ocrx_word' id='word_1_46' title='bbox 770 821 899 901; x_wconf 91' lang='lat' dir='ltr'>complet</span> <span class='ocrx_word' id='word_1_47' title='bbox 910 818 1046 899; x_wconf 90' lang='lat' dir='ltr'>plumbo,</span> <span class='ocrx_word' id='word_1_48' title='bbox 1067 836 1148 881; x_wconf 90' lang='lat' dir='ltr'>sum·</span> 
     </span>
     <span class='ocr_line' id='line_1_8' title="bbox 223 914 1146 996; baseline 0 -20"><span class='ocrx_word' id='word_1_49' title='bbox 223 934 287 977; x_wconf 90' lang='lat' dir='ltr'>mas</span> <span class='ocrx_word' id='word_1_50' title='bbox 303 916 405 996; x_wconf 80' lang='lat' dir='ltr'>operit</span> <span class='ocrx_word' id='word_1_51' title='bbox 418 935 490 979; x_wconf 88' lang='lat' dir='ltr'>auro</span> <span class='ocrx_word' id='word_1_52' title='bbox 512 926 542 979; x_wconf 90' lang='lat' dir='ltr'>et</span> <span class='ocrx_word' id='word_1_53' title='bbox 561 926 701 994; x_wconf 85' lang='lat' dir='ltr'>argento;</span> <span class='ocrx_word' id='word_1_54' title='bbox 719 915 790 994; x_wconf 90' lang='lat' dir='ltr'>has,</span> <span class='ocrx_word' id='word_1_55' title='bbox 814 914 960 996; x_wconf 77' lang='lat' dir='ltr'>Gortyniis</span> <span class='ocrx_word' id='word_1_56' title='bbox 976 915 1146 996; x_wconf 88' lang='lat' dir='ltr'>praesenti-</span> 
     </span>
     <span class='ocr_line' id='line_1_9' title="bbox 221 1011 1146 1095; baseline -0.001 -22"><span class='ocrx_word' id='word_1_57' title='bbox 221 1011 288 1089; x_wconf 90' lang='lat' dir='ltr'>bus,</span> <span class='ocrx_word' id='word_1_58' title='bbox 309 1012 431 1094; x_wconf 90' lang='lat' dir='ltr'>deponit</span> <span class='ocrx_word' id='word_1_59' title='bbox 447 1014 478 1077; x_wconf 90' lang='lat' dir='ltr'>in</span> <span class='ocrx_word' id='word_1_60' title='bbox 498 1015 608 1095; x_wconf 90' lang='lat' dir='ltr'>templo</span> <span class='ocrx_word' id='word_1_61' title='bbox 624 1013 756 1089; x_wconf 88' lang='lat' dir='ltr'>Dianae,</span> <span class='ocrx_word' id='word_1_62' title='bbox 776 1013 922 1075; x_wconf 85' lang='lat' dir='ltr'>simulans</span> <span class='ocrx_word' id='word_1_63' title='bbox 946 1030 978 1074; x_wconf 92' lang='lat' dir='ltr'>se</span> <span class='ocrx_word' id='word_1_64' title='bbox 995 1031 1065 1075; x_wconf 85' lang='lat' dir='ltr'>suas</span> <span class='ocrx_word' id='word_1_65' title='bbox 1087 1012 1146 1073; x_wconf 87' lang='lat' dir='ltr'>lor·</span> 
     </span>
     <span class='ocr_line' id='line_1_10' title="bbox 219 1108 1145 1186; baseline 0.001 -17"><span class='ocrx_word' id='word_1_66' title='bbox 219 1117 307 1170; x_wconf 90' lang='lat' dir='ltr'>tunas</span> <span class='ocrx_word' id='word_1_67' title='bbox 326 1109 444 1172; x_wconf 93' lang='lat' dir='ltr'>illorum</span> <span class='ocrx_word' id='word_1_68' title='bbox 463 1110 532 1172; x_wconf 88' lang='lat' dir='ltr'>fidei</span> <span class='ocrx_word' id='word_1_69' title='bbox 558 1111 689 1173; x_wconf 88' lang='lat' dir='ltr'>credere.</span> <span class='ocrx_word' id='word_1_70' title='bbox 709 1109 762 1172; x_wconf 92' lang='lat' dir='ltr'>His</span> <span class='ocrx_word' id='word_1_71' title='bbox 784 1109 815 1171; x_wconf 91' lang='lat' dir='ltr'>in</span> <span class='ocrx_word' id='word_1_72' title='bbox 834 1127 965 1172; x_wconf 88' lang='lat' dir='ltr'>errorem</span> <span class='ocrx_word' id='word_1_73' title='bbox 994 1108 1145 1186; x_wconf 89' lang='lat' dir='ltr'>inductis,</span> 
     </span>
     <span class='ocr_line' id='line_1_11' title="bbox 219 1206 1144 1288; baseline 0.003 -22"><span class='ocrx_word' id='word_1_74' title='bbox 219 1213 331 1268; x_wconf 89' lang='lat' dir='ltr'>statuas</span> <span class='ocrx_word' id='word_1_75' title='bbox 345 1225 465 1284; x_wconf 87' lang='lat' dir='ltr'>aeneas,</span> <span class='ocrx_word' id='word_1_76' title='bbox 486 1225 560 1288; x_wconf 91' lang='lat' dir='ltr'>quas</span> <span class='ocrx_word' id='word_1_77' title='bbox 575 1225 675 1270; x_wconf 88' lang='lat' dir='ltr'>secum</span> <span class='ocrx_word' id='word_1_78' title='bbox 691 1206 840 1288; x_wconf 88' lang='lat' dir='ltr'>portabat,</span> <span class='ocrx_word' id='word_1_79' title='bbox 861 1224 964 1268; x_wconf 89' lang='lat' dir='ltr'>omnes</span> <span class='ocrx_word' id='word_1_80' title='bbox 982 1225 1037 1268; x_wconf 91' lang='lat' dir='ltr'>sua</span> <span class='ocrx_word' id='word_1_81' title='bbox 1054 1225 1144 1287; x_wconf 88' lang='lat' dir='ltr'>pecu·</span> 
     </span>
     <span class='ocr_line' id='line_1_12' title="bbox 217 1301 1140 1386; baseline 0.003 -24"><span class='ocrx_word' id='word_1_82' title='bbox 217 1301 277 1364; x_wconf 92' lang='lat' dir='ltr'>nia·</span> <span class='ocrx_word' id='word_1_83' title='bbox 297 1306 443 1384; x_wconf 80' lang='lat' dir='ltr'>complet,</span> <span class='ocrx_word' id='word_1_84' title='bbox 474 1319 585 1386; x_wconf 88' lang='lat' dir='ltr'>casque</span> <span class='ocrx_word' id='word_1_85' title='bbox 615 1304 646 1365; x_wconf 93' lang='lat' dir='ltr'>in</span> <span class='ocrx_word' id='word_1_86' title='bbox 670 1305 826 1385; x_wconf 87' lang='lat' dir='ltr'>propatulo</span> <span class='ocrx_word' id='word_1_87' title='bbox 854 1303 935 1365; x_wconf 94' lang='lat' dir='ltr'>domi</span> <span class='ocrx_word' id='word_1_88' title='bbox 962 1303 1065 1365; x_wconf 87' lang='lat' dir='ltr'>abiicit</span> <span class='ocrx_word' id='word_1_89' title='bbox 1081 1303 1140 1384; x_wconf 60' lang='grc' dir='ltr'>(ἓ).</span> 
     </span>
     <span class='ocr_line' id='line_1_13' title="bbox 217 1395 1142 1486; baseline 0.004 -27"><span class='ocrx_word' id='word_1_90' title='bbox 217 1395 349 1486; x_wconf 78' lang='lat' dir='ltr'>Gortynii</span> <span class='ocrx_word' id='word_1_91' title='bbox 368 1402 511 1481; x_wconf 90' lang='lat' dir='ltr'>templum</span> <span class='ocrx_word' id='word_1_92' title='bbox 536 1420 643 1478; x_wconf 85' lang='lat' dir='ltr'>magna</span> <span class='ocrx_word' id='word_1_93' title='bbox 665 1419 736 1462; x_wconf 89' lang='lat' dir='ltr'>cura</span> <span class='ocrx_word' id='word_1_94' title='bbox 755 1401 943 1476; x_wconf 84' lang='lat' dir='ltr'>custodiunt,</span> <span class='ocrx_word' id='word_1_95' title='bbox 965 1419 1024 1462; x_wconf 92' lang='lat' dir='ltr'>non</span> <span class='ocrx_word' id='word_1_96' title='bbox 1045 1409 1105 1462; x_wconf 90' lang='lat' dir='ltr'>tam</span> <span class='ocrx_word' id='word_1_97' title='bbox 1125 1420 1142 1463; x_wconf 93' lang='lat' dir='ltr'>a</span> 
     </span>
     <span class='ocr_line' id='line_1_14' title="bbox 215 1495 1143 1577; baseline 0.006 -23"><span class='ocrx_word' id='word_1_98' title='bbox 215 1496 323 1557; x_wconf 89' lang='lat' dir='ltr'>ceteris</span> <span class='ocrx_word' id='word_1_99' title='bbox 341 1516 429 1576; x_wconf 90' lang='lat' dir='ltr'>quarn</span> <span class='ocrx_word' id='word_1_100' title='bbox 452 1496 489 1557; x_wconf 91' lang='lat' dir='ltr'>ab</span> <span class='ocrx_word' id='word_1_101' title='bbox 508 1495 689 1572; x_wconf 88' lang='lat' dir='ltr'>Hannibale,</span> <span class='ocrx_word' id='word_1_102' title='bbox 705 1515 743 1558; x_wconf 87' lang='lat' dir='ltr'>ne</span> <span class='ocrx_word' id='word_1_103' title='bbox 762 1497 832 1577; x_wconf 93' lang='lat' dir='ltr'>quid</span> <span class='ocrx_word' id='word_1_104' title='bbox 856 1498 922 1574; x_wconf 87' lang='lat' dir='ltr'>ille,</span> <span class='ocrx_word' id='word_1_105' title='bbox 942 1497 1143 1562; x_wconf 85' lang='lat' dir='ltr'>inscientibus</span> 
     </span>
     <span class='ocr_line' id='line_1_15' title="bbox 214 1592 859 1695; baseline 0.005 -43"><span class='ocrx_word' id='word_1_106' title='bbox 214 1592 273 1668; x_wconf 91' lang='lat' dir='ltr'>his,</span> <span class='ocrx_word' id='word_1_107' title='bbox 294 1594 420 1667; x_wconf 87' lang='lat' dir='ltr'>tolleret,</span> <span class='ocrx_word' id='word_1_108' title='bbox 440 1611 601 1673; x_wconf 87' lang='lat' dir='ltr'>secumque</span> <span class='ocrx_word' id='word_1_109' title='bbox 621 1601 797 1674; x_wconf 88' lang='lat' dir='ltr'>asportaret.</span> <span class='ocrx_word' id='word_1_110' title='bbox 853 1661 859 1695; x_wconf 38' lang='lat'>¹</span> 
     </span>
    </p>

    <p class='ocr_par' dir='ltr' id='par_1_3' title="bbox 140 1690 1140 1873">
     <span class='ocr_line' id='line_1_16' title="bbox 140 1690 1140 1776; baseline 0.002 -22"><span class='ocrx_word' id='word_1_111' title='bbox 140 1755 149 1776; x_wconf 30' lang='grc' dir='ltr'>ι</span> <span class='ocrx_word' id='word_1_112' title='bbox 253 1693 288 1755; x_wconf 90' lang='lat' dir='ltr'>X.</span> <span class='ocrx_word' id='word_1_113' title='bbox 309 1691 358 1753; x_wconf 91' lang='lat' dir='ltr'>Sic</span> <span class='ocrx_word' id='word_1_114' title='bbox 380 1691 562 1753; x_wconf 84' lang='lat' dir='ltr'>conservatis</span> <span class='ocrx_word' id='word_1_115' title='bbox 580 1690 641 1752; x_wconf 89' lang='lat' dir='ltr'>suis</span> <span class='ocrx_word' id='word_1_116' title='bbox 658 1690 768 1768; x_wconf 77' lang='lat' dir='ltr'>rebuS,</span> <span class='ocrx_word' id='word_1_117' title='bbox 788 1690 925 1768; x_wconf 92' lang='lat' dir='ltr'>Poenus,</span> <span class='ocrx_word' id='word_1_118' title='bbox 946 1690 1042 1754; x_wconf 91' lang='lat' dir='ltr'>illusis</span> <span class='ocrx_word' id='word_1_119' title='bbox 1065 1692 1140 1756; x_wconf 84' lang='lat' dir='ltr'>Gre-</span> 
     </span>
     <span class='ocr_line' id='line_1_17' title="bbox 211 1786 1135 1873; baseline 0.003 -21"><span class='ocrx_word' id='word_1_120' title='bbox 211 1790 344 1854; x_wconf 90' lang='lat' dir='ltr'>tensibns</span> <span class='ocrx_word' id='word_1_121' title='bbox 358 1789 513 1865; x_wconf 88' lang='lat' dir='ltr'>omnibus,</span> <span class='ocrx_word' id='word_1_122' title='bbox 527 1788 562 1850; x_wconf 93' lang='lat' dir='ltr'>ad</span> <span class='ocrx_word' id='word_1_123' title='bbox 575 1786 717 1868; x_wconf 64' lang='lat' dir='ltr'>{Prusiam</span> <span class='ocrx_word' id='word_1_124' title='bbox 735 1788 765 1849; x_wconf 95' lang='lat' dir='ltr'>in</span> <span class='ocrx_word' id='word_1_125' title='bbox 783 1787 914 1850; x_wconf 90' lang='lat' dir='ltr'>Pontum</span> <span class='ocrx_word' id='word_1_126' title='bbox 930 1791 1064 1870; x_wconf 86' lang='lat' dir='ltr'>pervenit</span> <span class='ocrx_word' id='word_1_127' title='bbox 1075 1792 1135 1873; x_wconf 87' lang='lat'>(3):</span> 
     </span>
    </p>

    <p class='ocr_par' dir='ltr' id='par_1_4' title="bbox 127 1885 1140 2842">
     <span class='ocr_line' id='line_1_18' title="bbox 127 1885 1140 1972; baseline 0.004 -21"><span class='ocrx_word' id='word_1_128' title='bbox 127 1889 288 1970; x_wconf 64' lang='lat' dir='ltr'>a,190apud</span> <span class='ocrx_word' id='word_1_129' title='bbox 319 1906 407 1969; x_wconf 89' lang='lat' dir='ltr'>quem</span> <span class='ocrx_word' id='word_1_130' title='bbox 440 1885 544 1950; x_wconf 90' lang='lat' dir='ltr'>eodem</span> <span class='ocrx_word' id='word_1_131' title='bbox 575 1885 674 1946; x_wconf 89' lang='lat' dir='ltr'>animo</span> <span class='ocrx_word' id='word_1_132' title='bbox 705 1885 762 1947; x_wconf 89' lang='lat' dir='ltr'>luit</span> <span class='ocrx_word' id='word_1_133' title='bbox 786 1903 856 1964; x_wconf 82' lang='lat' dir='ltr'>erga</span> <span class='ocrx_word' id='word_1_134' title='bbox 885 1885 1016 1966; x_wconf 89' lang='lat' dir='ltr'>Italiam;</span> <span class='ocrx_word' id='word_1_135' title='bbox 1038 1904 1140 1972; x_wconf 79' lang='lat' dir='ltr'>neque</span> 
     </span>
     <span class='ocr_line' id='line_1_19' title="bbox 208 1983 1136 2066; baseline 0.002 -18"><span class='ocrx_word' id='word_1_136' title='bbox 208 1986 290 2048; x_wconf 89' lang='lat' dir='ltr'>aliud</span> <span class='ocrx_word' id='word_1_137' title='bbox 304 1985 466 2066; x_wconf 88' lang='lat' dir='ltr'>quidquam</span> <span class='ocrx_word' id='word_1_138' title='bbox 482 1983 559 2062; x_wconf 85' lang='lat' dir='ltr'>egit,</span> <span class='ocrx_word' id='word_1_139' title='bbox 579 2000 669 2062; x_wconf 89' lang='lat' dir='ltr'>quam</span> <span class='ocrx_word' id='word_1_140' title='bbox 683 2000 783 2060; x_wconf 81' lang='lat' dir='ltr'>regem</span> <span class='ocrx_word' id='word_1_141' title='bbox 812 1983 936 2044; x_wconf 82' lang='lat' dir='ltr'>armavit</span> <span class='ocrx_word' id='word_1_142' title='bbox 956 1992 986 2047; x_wconf 89' lang='lat' dir='ltr'>et</span> <span class='ocrx_word' id='word_1_143' title='bbox 1003 1987 1136 2050; x_wconf 84' lang='lat' dir='ltr'>exercuit</span> 
     </span>
     <span class='ocr_line' id='line_1_20' title="bbox 208 2077 1134 2151; baseline 0.003 -7"><span class='ocrx_word' id='word_1_144' title='bbox 208 2084 348 2146; x_wconf 86' lang='lat' dir='ltr'>adversus</span> <span class='ocrx_word' id='word_1_145' title='bbox 366 2081 528 2144; x_wconf 89' lang='lat' dir='ltr'>Romanos.</span> <span class='ocrx_word' id='word_1_146' title='bbox 548 2077 642 2151; x_wconf 86' lang='lat' dir='ltr'>Quem</span> <span class='ocrx_word' id='word_1_147' title='bbox 666 2098 734 2141; x_wconf 91' lang='lat' dir='ltr'>cum</span> <span class='ocrx_word' id='word_1_148' title='bbox 762 2079 876 2142; x_wconf 89' lang='lat' dir='ltr'>videret</span> <span class='ocrx_word' id='word_1_149' title='bbox 895 2079 1067 2145; x_wconf 85' lang='lat' dir='ltr'>domesticis</span> <span class='ocrx_word' id='word_1_150' title='bbox 1083 2103 1134 2148; x_wconf 88' lang='lat' dir='ltr'>re·</span> 
     </span>
     <span class='ocr_line' id='line_1_21' title="bbox 207 2176 1136 2257; baseline 0.002 -15"><span class='ocrx_word' id='word_1_151' title='bbox 207 2181 263 2243; x_wconf 91' lang='lat' dir='ltr'>bus</span> <span class='ocrx_word' id='word_1_152' title='bbox 283 2180 382 2241; x_wconf 90' lang='lat' dir='ltr'>minus</span> <span class='ocrx_word' id='word_1_153' title='bbox 408 2196 474 2240; x_wconf 88' lang='lat' dir='ltr'>esse</span> <span class='ocrx_word' id='word_1_154' title='bbox 495 2177 651 2239; x_wconf 88' lang='lat' dir='ltr'>robustum</span> <span class='ocrx_word' id='word_1_155' title='bbox 661 2176 721 2257; x_wconf 83' lang='lat' dir='ltr'>(d),</span> <span class='ocrx_word' id='word_1_156' title='bbox 742 2176 919 2238; x_wconf 88' lang='lat' dir='ltr'>conciliabat</span> <span class='ocrx_word' id='word_1_157' title='bbox 938 2186 1055 2241; x_wconf 84' lang='lat' dir='ltr'>ceteros</span> <span class='ocrx_word' id='word_1_158' title='bbox 1086 2199 1136 2244; x_wconf 89' lang='lat' dir='ltr'>re·</span> 
     </span>
     <span class='ocr_line' id='line_1_22' title="bbox 205 2273 1131 2356; baseline 0.003 -18"><span class='ocrx_word' id='word_1_159' title='bbox 205 2295 268 2355; x_wconf 74' lang='lat' dir='ltr'>ges,</span> <span class='ocrx_word' id='word_1_160' title='bbox 288 2277 527 2356; x_wconf 85' lang='lat' dir='ltr'>adiungebatque</span> <span class='ocrx_word' id='word_1_161' title='bbox 556 2273 713 2335; x_wconf 89' lang='lat' dir='ltr'>bellicosas</span> <span class='ocrx_word' id='word_1_162' title='bbox 737 2273 884 2336; x_wconf 89' lang='lat' dir='ltr'>nationes.</span> <span class='ocrx_word' id='word_1_163' title='bbox 904 2274 1075 2340; x_wconf 88' lang='lat' dir='ltr'>Dissidebat</span> <span class='ocrx_word' id='word_1_164' title='bbox 1094 2279 1131 2340; x_wconf 93' lang='lat' dir='ltr'>ab</span> 
     </span>
     <span class='ocr_line' id='line_1_23' title="bbox 205 2370 1133 2454; baseline 0.004 -19"><span class='ocrx_word' id='word_1_165' title='bbox 205 2392 240 2435; x_wconf 88' lang='lat' dir='ltr'>co</span> <span class='ocrx_word' id='word_1_166' title='bbox 263 2392 459 2454; x_wconf 82' lang='lat' dir='ltr'>pergamenus</span> <span class='ocrx_word' id='word_1_167' title='bbox 475 2372 525 2452; x_wconf 81' lang='lat'>(5)</span> <span class='ocrx_word' id='word_1_168' title='bbox 547 2389 598 2431; x_wconf 85' lang='lat' dir='ltr'>rex</span> <span class='ocrx_word' id='word_1_169' title='bbox 617 2370 783 2448; x_wconf 85' lang='lat' dir='ltr'>Eumenes,</span> <span class='ocrx_word' id='word_1_170' title='bbox 816 2370 957 2434; x_wconf 88' lang='lat' dir='ltr'>Romanis</span> <span class='ocrx_word' id='word_1_171' title='bbox 979 2373 1133 2438; x_wconf 84' lang='lat' dir='ltr'>amicissi-</span> 
     </span>
     <span class='ocr_line' id='line_1_24' title="bbox 204 2467 1132 2550; baseline 0.003 -18"><span class='ocrx_word' id='word_1_172' title='bbox 204 2489 289 2548; x_wconf 82' lang='lat' dir='ltr'>mus3</span> <span class='ocrx_word' id='word_1_173' title='bbox 309 2470 482 2550; x_wconf 89' lang='lat' dir='ltr'>bellumque</span> <span class='ocrx_word' id='word_1_174' title='bbox 505 2469 585 2530; x_wconf 90' lang='lat' dir='ltr'>inter</span> <span class='ocrx_word' id='word_1_175' title='bbox 610 2467 721 2548; x_wconf 70' lang='lat' dir='ltr'>eostd)</span> <span class='ocrx_word' id='word_1_176' title='bbox 749 2468 908 2545; x_wconf 81' lang='lat' dir='ltr'>gerebatur</span> <span class='ocrx_word' id='word_1_177' title='bbox 936 2478 966 2532; x_wconf 91' lang='lat' dir='ltr'>et</span> <span class='ocrx_word' id='word_1_178' title='bbox 994 2471 1070 2532; x_wconf 90' lang='lat' dir='ltr'>mari</span> <span class='ocrx_word' id='word_1_179' title='bbox 1101 2481 1132 2536; x_wconf 88' lang='lat' dir='ltr'>et</span> 
     </span>
     <span class='ocr_line' id='line_1_25' title="bbox 203 2563 1131 2649; baseline 0.003 -20"><span class='ocrx_word' id='word_1_180' title='bbox 203 2578 300 2630; x_wconf 85' lang='lat' dir='ltr'>terra:</span> <span class='ocrx_word' id='word_1_181' title='bbox 320 2586 379 2649; x_wconf 90' lang='lat' dir='ltr'>quo</span> <span class='ocrx_word' id='word_1_182' title='bbox 395 2567 488 2643; x_wconf 83' lang='lat' dir='ltr'>magis</span> <span class='ocrx_word' id='word_1_183' title='bbox 506 2563 646 2645; x_wconf 89' lang='lat' dir='ltr'>cupiebat</span> <span class='ocrx_word' id='word_1_184' title='bbox 664 2582 733 2626; x_wconf 91' lang='lat' dir='ltr'>eum</span> <span class='ocrx_word' id='word_1_185' title='bbox 749 2563 896 2627; x_wconf 89' lang='lat' dir='ltr'>Hannibal</span> <span class='ocrx_word' id='word_1_186' title='bbox 913 2567 1053 2647; x_wconf 90' lang='lat' dir='ltr'>opprimi.</span> <span class='ocrx_word' id='word_1_187' title='bbox 1070 2566 1131 2632; x_wconf 91' lang='lat' dir='ltr'>Sed</span> 
     </span>
     <span class='ocr_line' id='line_1_26' title="bbox 202 2661 1128 2745; baseline 0.003 -19"><span class='ocrx_word' id='word_1_188' title='bbox 202 2665 361 2745; x_wconf 90' lang='lat' dir='ltr'>utrobique</span> <span class='ocrx_word' id='word_1_189' title='bbox 377 2664 424 2744; x_wconf 82' lang='lat' dir='ltr'>(l)</span> <span class='ocrx_word' id='word_1_190' title='bbox 440 2662 591 2726; x_wconf 79' lang='lat' dir='ltr'>Eumenes</span> <span class='ocrx_word' id='word_1_191' title='bbox 608 2662 675 2744; x_wconf 91' lang='lat' dir='ltr'>plus</span> <span class='ocrx_word' id='word_1_192' title='bbox 696 2661 813 2723; x_wconf 84' lang='lat' dir='ltr'>valebat</span> <span class='ocrx_word' id='word_1_193' title='bbox 832 2671 954 2745; x_wconf 90' lang='lat' dir='ltr'>propter</span> <span class='ocrx_word' id='word_1_194' title='bbox 970 2661 1128 2730; x_wconf 85' lang='lat' dir='ltr'>Romano-</span> 
     </span>
     <span class='ocr_line' id='line_1_27' title="bbox 200 2758 1130 2842; baseline 0.005 -17"><span class='ocrx_word' id='word_1_195' title='bbox 200 2781 267 2826; x_wconf 89' lang='lat' dir='ltr'>rum</span> <span class='ocrx_word' id='word_1_196' title='bbox 286 2764 479 2824; x_wconf 88' lang='lat' dir='ltr'>societatem:</span> <span class='ocrx_word' id='word_1_197' title='bbox 497 2778 585 2842; x_wconf 90' lang='lat' dir='ltr'>quem</span> <span class='ocrx_word' id='word_1_198' title='bbox 604 2759 629 2820; x_wconf 93' lang='lat' dir='ltr'>si</span> <span class='ocrx_word' id='word_1_199' title='bbox 647 2758 836 2837; x_wconf 86' lang='lat' dir='ltr'>removisset,</span> <span class='ocrx_word' id='word_1_200' title='bbox 853 2759 988 2824; x_wconf 85' lang='lat' dir='ltr'>faciliora</span> <span class='ocrx_word' id='word_1_201' title='bbox 1005 2763 1065 2827; x_wconf 91' lang='lat' dir='ltr'>sibi</span> <span class='ocrx_word' id='word_1_202' title='bbox 1080 2785 1130 2830; x_wconf 89' lang='lat' dir='ltr'>ce·</span> 
     </span>
    </p>
   </div>
   <div class='ocr_carea' id='block_1_3' title="bbox 194 2927 1126 3527">
    <p class='ocr_par' dir='ltr' id='par_1_5' title="bbox 229 2927 684 2990">
     <span class='ocr_line' id='line_1_28' title="bbox 229 2927 684 2990; baseline -0.009 -15"><span class='ocrx_word' id='word_1_203' title='bbox 229 2931 262 2990; x_wconf 79' lang='lat' dir='ltr'>(l)</span> <span class='ocrx_word' id='word_1_204' title='bbox 275 2932 311 2975; x_wconf 88' lang='lat' dir='ltr'>Sic</span> <span class='ocrx_word' id='word_1_205' title='bbox 326 2943 341 2974; x_wconf 84' lang='lat' dir='ltr'>a</span> <span class='ocrx_word' id='word_1_206' title='bbox 357 2932 457 2987; x_wconf 82' lang='lat' dir='ltr'>Gortyna</span> <span class='ocrx_word' id='word_1_207' title='bbox 472 2929 531 2975; x_wconf 88' lang='lat' dir='ltr'>urbe</span> <span class='ocrx_word' id='word_1_208' title='bbox 546 2927 684 2986; x_wconf 83' lang='lat' dir='ltr'>appellatus.</span> 
     </span>
    </p>

    <p class='ocr_par' dir='ltr' id='par_1_6' title="bbox 196 2993 1124 3188">
     <span class='ocr_line' id='line_1_29' title="bbox 227 2993 1124 3057; baseline 0.001 -15"><span class='ocrx_word' id='word_1_209' title='bbox 227 2997 258 3053; x_wconf 79' lang='lat' dir='ltr'>(2t</span> <span class='ocrx_word' id='word_1_210' title='bbox 274 2998 333 3042; x_wconf 80' lang='lat' dir='ltr'>liat:</span> <span class='ocrx_word' id='word_1_211' title='bbox 352 2997 440 3042; x_wconf 76' lang='lat' dir='ltr'>colloca</span> <span class='ocrx_word' id='word_1_212' title='bbox 454 2994 698 3054; x_wconf 59' lang='lat' dir='ltr'>massmannum</span> <span class='ocrx_word' id='word_1_213' title='bbox 717 2994 753 3037; x_wconf 67' lang='lat' dir='ltr'>nel</span> <span class='ocrx_word' id='word_1_214' title='bbox 765 2993 846 3050; x_wconf 71' lang='lat' dir='ltr'>loopbi</span> <span class='ocrx_word' id='word_1_215' title='bbox 859 2995 913 3040; x_wconf 77' lang='lat' dir='ltr'>dclt’</span> <span class='ocrx_word' id='word_1_216' title='bbox 922 2996 1054 3043; x_wconf 78' lang='lat' dir='ltr'>aditoatono</span> <span class='ocrx_word' id='word_1_217' title='bbox 1081 3003 1124 3057; x_wconf 70' lang='lat' dir='ltr'>ped</span> 
     </span>
     <span class='ocr_line' id='line_1_30' title="bbox 196 3069 1047 3188; baseline 0 -12"><span class='ocrx_word' id='word_1_218' title='bbox 196 3069 557 3188; x_wconf 47' lang='lat' dir='ltr'>⁶³¹}gfftii,0q„01,meqf,gnum</span> <span class='ocrx_word' id='word_1_219' title='bbox 574 3132 636 3176; x_wconf 79' lang='lat' dir='ltr'>Asiae</span> <span class='ocrx_word' id='word_1_220' title='bbox 651 3130 757 3180; x_wconf 74' lang='lat' dir='ltr'>minoris.</span> <span class='ocrx_word' id='word_1_221' title='bbox 772 3131 796 3173; x_wconf 90' lang='lat' dir='ltr'>ln</span> <span class='ocrx_word' id='word_1_222' title='bbox 812 3140 853 3175; x_wconf 81' lang='lat' dir='ltr'>ora</span> <span class='ocrx_word' id='word_1_223' title='bbox 868 3130 952 3175; x_wconf 81' lang='lat' dir='ltr'>Euxini</span> <span class='ocrx_word' id='word_1_224' title='bbox 968 3137 1047 3178; x_wconf 85' lang='lat' dir='ltr'>maris.</span> 
     </span>
    </p>

    <p class='ocr_par' dir='ltr' id='par_1_7' title="bbox 225 3198 990 3255">
     <span class='ocr_line' id='line_1_31' title="bbox 225 3198 990 3255; baseline 0 -11"><span class='ocrx_word' id='word_1_225' title='bbox 225 3201 257 3255; x_wconf 80' lang='lat' dir='ltr'>(t)</span> <span class='ocrx_word' id='word_1_226' title='bbox 273 3201 336 3247; x_wconf 88' lang='lat' dir='ltr'>ltal.:</span> <span class='ocrx_word' id='word_1_227' title='bbox 352 3202 459 3247; x_wconf 82' lang='lat' dir='ltr'>Vedendo</span> <span class='ocrx_word' id='word_1_228' title='bbox 476 3202 496 3246; x_wconf 83' lang='lat' dir='ltr'>tc</span> <span class='ocrx_word' id='word_1_229' title='bbox 510 3213 559 3244; x_wconf 82' lang='lat' dir='ltr'>cose</span> <span class='ocrx_word' id='word_1_230' title='bbox 571 3200 597 3243; x_wconf 87' lang='lat' dir='ltr'>dt</span> <span class='ocrx_word' id='word_1_231' title='bbox 611 3200 646 3243; x_wconf 81' lang='lat' dir='ltr'>tot</span> <span class='ocrx_word' id='word_1_232' title='bbox 659 3211 707 3243; x_wconf 81' lang='lat' dir='ltr'>non</span> <span class='ocrx_word' id='word_1_233' title='bbox 719 3199 760 3241; x_wconf 76' lang='lat' dir='ltr'>dea</span> <span class='ocrx_word' id='word_1_234' title='bbox 777 3198 847 3251; x_wconf 71' lang='lat' dir='ltr'>ferme</span> <span class='ocrx_word' id='word_1_235' title='bbox 862 3199 898 3240; x_wconf 86' lang='lat' dir='ltr'>net</span> <span class='ocrx_word' id='word_1_236' title='bbox 914 3211 990 3253; x_wconf 71' lang='lat' dir='ltr'>repleo.</span> 
     </span>
    </p>

    <p class='ocr_par' dir='ltr' id='par_1_8' title="bbox 194 3264 1126 3458">
     <span class='ocr_line' id='line_1_32' title="bbox 225 3264 1126 3343; baseline 0.004 -33"><span class='ocrx_word' id='word_1_237' title='bbox 225 3267 258 3343; x_wconf 65' lang='lat' dir='ltr'>(dp</span> <span class='ocrx_word' id='word_1_238' title='bbox 273 3268 308 3312; x_wconf 86' lang='lat' dir='ltr'>Sto</span> <span class='ocrx_word' id='word_1_239' title='bbox 324 3269 455 3325; x_wconf 83' lang='lat' dir='ltr'>appellatus</span> <span class='ocrx_word' id='word_1_240' title='bbox 470 3281 484 3313; x_wconf 86' lang='lat' dir='ltr'>a</span> <span class='ocrx_word' id='word_1_241' title='bbox 499 3269 618 3326; x_wconf 80' lang='lat' dir='ltr'>Pergamo,</span> <span class='ocrx_word' id='word_1_242' title='bbox 635 3266 694 3311; x_wconf 85' lang='lat' dir='ltr'>urba</span> <span class='ocrx_word' id='word_1_243' title='bbox 709 3264 805 3309; x_wconf 80' lang='lat' dir='ltr'>&#39;troadis</span> <span class='ocrx_word' id='word_1_244' title='bbox 821 3266 844 3308; x_wconf 88' lang='lat' dir='ltr'>in</span> <span class='ocrx_word' id='word_1_245' title='bbox 860 3268 912 3310; x_wconf 78' lang='lat' dir='ltr'>Asia</span> <span class='ocrx_word' id='word_1_246' title='bbox 926 3269 1027 3328; x_wconf 83' lang='lat' dir='ltr'>minore,</span> <span class='ocrx_word' id='word_1_247' title='bbox 1043 3273 1126 3330; x_wconf 71' lang='lat' dir='ltr'>capita</span> 
     </span>
     <span class='ocr_line' id='line_1_33' title="bbox 194 3344 636 3458; baseline 0.002 -13"><span class='ocrx_word' id='word_1_248' title='bbox 194 3344 330 3458; x_wconf 50' lang='lat' dir='ltr'>ret(Ellhloter</span> <span class='ocrx_word' id='word_1_249' title='bbox 344 3401 469 3446; x_wconf 81' lang='lat' dir='ltr'>Eumenem</span> <span class='ocrx_word' id='word_1_250' title='bbox 486 3404 509 3447; x_wconf 92' lang='lat' dir='ltr'>et</span> <span class='ocrx_word' id='word_1_251' title='bbox 525 3403 636 3448; x_wconf 78' lang='lat' dir='ltr'>Prusiam.</span> 
     </span>
    </p>

    <p class='ocr_par' dir='ltr' id='par_1_9' title="bbox 217 3468 457 3527">
     <span class='ocr_line' id='line_1_34' title="bbox 217 3468 457 3527; baseline 0.008 -14"><span class='ocrx_word' id='word_1_252' title='bbox 217 3468 252 3527; x_wconf 69' lang='lat'>(7)</span> <span class='ocrx_word' id='word_1_253' title='bbox 269 3469 340 3514; x_wconf 79' lang='lat' dir='ltr'>Terra</span> <span class='ocrx_word' id='word_1_254' title='bbox 355 3472 379 3514; x_wconf 89' lang='lat' dir='ltr'>ct</span> <span class='ocrx_word' id='word_1_255' title='bbox 393 3473 457 3515; x_wconf 82' lang='lat' dir='ltr'>mari.</span> 
     </span>
    </p>
   </div>
   <div class='ocr_carea' id='block_1_4' title="bbox 0 0 1230 3938">
    <p class='ocr_par' dir='ltr' id='par_1_10' title="bbox 0 0 1230 3938">
     <span class='ocr_line' id='line_1_35' title="bbox 0 0 1230 3938; baseline 0 11"><span class='ocrx_word' id='word_1_256' title='bbox 0 0 1230 3938; x_wconf 95' lang='lat' dir='ltr'> </span> 
     </span>
    </p>
   </div>
  </div>
 </body>
</html>
