2452 3938
488 250 692 298 nramuounas
991 237 1051 300 105

122 347 178 425 tia3
198 343 357 408 eratenim
381 343 423 406 ibi
440 345 572 425 priuatus
590 354 621 408 et
644 364 768 409 numeru
787 346 926 409 militum.
946 346 971 410 Α
989 367 1050 429 quo

122 450 347 523 competerent
372 461 471 523 opem,
502 443 613 504 nullam
640 443 777 511 adhibuit
802 443 849 525 (l)
873 445 1050 507 memoriam

122 540 336 616 contumeliae,
355 547 385 600 et
403 540 564 601 exercitum
582 539 737 602 obsidione
751 541 909 604 liberatum
928 541 1051 603 domum

120 635 244 698 reduxit
255 635 435 698 ineolumem
452 635 513 717 (Eis
525 635 627 717 Neque
638 655 706 699 veru
723 636 779 700 huc
794 639 887 701 semel
902 637 985 711 iecit,
998 638 1052 700 sed

121 733 255 815 saepius.
274 731 400 795 Maxime
417 734 516 795 autem
536 734 592 796 luit
608 734 741 810 illustre,
760 753 828 796 cum
852 734 884 796 iu
901 733 1051 816 Pelopon·

120 849 229 893 ussum
240 830 402 893 exercitum
418 828 549 893 duxisset
563 830 705 895 adversus
718 830 982 909 Lacedaemonius,
999 831 1052 894 ha·

121 927 268 1009 beretque
286 926 413 1005 collegas
437 928 533 1002 duos,
552 946 680 1011 quorum
703 929 777 990 alter
802 937 865 991 eret
881 927 1129 1010 Pelopidas‚,‚³ffi

122 1024 169 1087 rir
182 1023 268 1086 tortis
283 1042 317 1085 ao
335 1032 485 1086 strenuus.
501 1022 557 1085 Hic
576 1024 623 1107 (3)
640 1043 706 1087 oum
725 1024 901 1088 criminibus
917 1026 1053 1088 adversa·
1098 1090 1100 1095 ,

121 1121 238 1184 riorum
259 1138 362 1182 omues
380 1119 411 1180 in
429 1120 571 1182 iuvidiam
592 1121 763 1199 venisseut,
784 1121 823 1184 ub
846 1139 972 1204 eamque
989 1141 1052 1184 rem

122 1217 284 1298 imperium
309 1216 355 1278 his
380 1225 459 1279 esset
472 1217 659 1297 abrogatum,
679 1227 768 1300 atque
786 1218 818 1279 iu
834 1236 936 1280 eorum
954 1219 1052 1281 lucum

124 1315 178 1378 alii
195 1321 348 1397 praetores
371 1314 603 1391 successissent,
630 1314 852 1396 Epaminondas
874 1314 1052 1396 populiscitu

123 1431 186 1475 nou
205 1412 316 1493 paruit,
335 1411 474 1492 idemque
493 1420 526 1473 ut
539 1412 684 1490 iacerent,
706 1412 853 1493 persuasit
870 1411 1001 1490 collegis,
1024 1419 1054 1472 et

124 1510 251 1586 bellum,
272 1509 351 1590 quud
369 1517 552 1590 susceperat,
581 1509 683 1588 gessit.
707 1509 841 1590 Namque
864 1508 1054 1571 animadver-

125 1605 220 1682 tebat,
238 1606 296 1668 nisi
315 1606 345 1667 id
363 1605 492 1683 iecisset,
512 1615 605 1668 totum
626 1607 809 1681 exereitum,
829 1593 1053 1688 propter'prae-

126 1711 224 1767 torum
240 1702 469 1784 imprudentiam
481 1704 690 1785 inscitiamque
705 1703 788 1778 belli,
802 1704 980 1785 periturum.
995 1701 1055 1765 Lex

125 1809 193 1863 erat
205 1799 327 1876 Thebis,
354 1819 431 1881 quae
449 1808 543 1862 morte
562 1800 742 1877 mulctabat,
761 1801 785 1861 si
805 1802 872 1882 quis
891 1800 1052 1881 imperium

126 1897 241 1960 diutius
258 1897 439 1973 retinuisset,
453 1885 549 1978 ¹quam
569 1898 632 1976 tege
651 1897 838 1978 praefinitum
861 1897 949 1958 iuret.
969 1894 1054 1957 Hanc

126 1992 350 2074 Epaminondas
364 2011 432 2054 cum
444 1992 626 2074 reipublicae
638 1991 855 2054 conservandae
866 2011 955 2054 eausa
965 1992 1054 2053 latam

127 2090 256 2167 videret,
281 2090 318 2151 ad
336 2089 498 2170 perniciem
517 2089 642 2152 ciuitatis
661 2090 795 2151 conferre
822 2089 917 2150 noluit
941 2088 1001 2170 (l),
1026 2095 1056 2150 et
1092 2087 1096 2096 “

129 2193 260 2269 quatuor
276 2186 440 2264 mensibus,
453 2187 565 2249 diutius
577 2204 665 2266 qnam
677 2186 805 2268 populus
816 2185 953 2262 iusserat,
965 2184 1058 2263 gessit

129 2300 307 2365 imperium.

161 2523 194 2579 (tt
216 2524 266 2573 Eue
285 2525 383 2576 verbum
397 2525 508 2571 adbibere
527 2536 650 2585 perperam
671 2525 778 2572 nonnotti
791 2537 845 2573 eum
863 2525 961 2585 simplici
976 2525 1060 2573 tulere

132 2591 291 2652 melunduno
315 2592 374 2640 illud
396 2595 458 2639 entm
473 2593 591 2653 quidpiam
613 2594 688 2640 muns
703 2597 738 2640 est
757 2596 781 2640 ei
795 2595 916 2656 significet,
937 2597 1003 2654 quud
1017 2596 1058 2642 ha·

132 2660 199 2717 beea,
213 2660 271 2718 puin
285 2661 354 2717 tidem
369 2662 444 2706 uttuoi
460 2661 497 2708 rel
512 2662 612 2708 attentos
626 2664 661 2706 ret
674 2665 820 2720 memorium,
830 2660 922 2709 semme
936 2665 960 2709 et
974 2676 1059 2722 oppur-

132 2730 192 2776 tune
206 2730 331 2775 occasione
356 2740 380 2774 re
395 2730 446 2788 ipsa
461 2728 592 2786 asmodeum
609 2729 674 2786 quod
694 2730 788 2787 quidem
803 2730 915 2789 particula
929 2731 959 2775 ud
972 2731 1060 2788 signiti-

133 2799 209 2845 eamr.
220 2797 288 2847 Esset
299 2797 356 2843 itala
372 2795 422 2842 Nun
434 2801 500 2842 teano
508 2799 534 2842 iu
543 2798 577 2842 eto
589 2799 702 2841 memorio
712 2797 851 2842 dstt‘tnsuttu
857 2800 943 2855 potito.

166 2866 197 2924 (²)
212 2863 286 2910 Etiam
299 2865 432 2914 sternendis
447 2877 501 2913 eum
516 2865 558 2928 viis
570 2875 712 2922 praeponere
722 2865 782 2910 atres
792 2865 830 2909 sut
845 2876 893 2910 non
908 2863 1059 2922 erubueruntg

135 2934 192 2979 usne
208 2934 288 2979 sutem
302 2932 341 2978 dle
367 2944 416 2977 nun
430 2931 507 2977 solnm
522 2943 551 2978 ea
565 2931 707 2978 contumelia
728 2929 864 2988 indignatus
881 2943 930 2977 non
944 2933 996 2992 est,
1017 2933 1061 2981 sed

135 3012 235 3047 munera
259 3000 369 3049 dicdtnns
379 3000 409 3046 ab
424 3001 460 3053 iis,
470 2998 513 3057 qni
527 2998 691 3057 iungerentur,
705 2999 823 3056 lupanari,
839 2997 898 3045 adeo
911 2998 1020 3046 solertem
1035 3013 1061 3047 se

136 3067 296 3124 magistratum
311 3066 367 3129 epit,
381 3067 409 3113 ut
423 3065 543 3115 sordidum
565 3065 624 3117 illud
638 3076 729 3113 munus·
737 3064 847 3124 deinceps
861 3076 905 3125 pru
919 3067 1062 3125 amplissimo

136 3134 273 3180 baberetur.

168 3201 200 3257 td)
215 3199 338 3256 Eleganter
352 3198 497 3259 adverbium,
511 3197 576 3260 qnod
585 3198 664 3246 meum
674 3197 796 3258 signideat,
807 3209 850 3258 pro
865 3197 982 3258 adverbio,
997 3201 1062 3261 quud

138 3269 239 3327 tempus.

169 3334 201 3390 tt)
214 3333 366 3380 Laudandum
380 3333 474 3392 quidem
486 3334 531 3380 troc
546 3336 671 3383 constitum
685 3335 745 3381 civis
755 3335 907 3381 amantissimi
922 3337 1011 3395 patriae
1026 3349 1062 3383 es·

138 3404 182 3459 set,
197 3404 217 3446 si
232 3401 294 3448 cives
308 3402 346 3448 sui
358 3414 440 3449 omnes
448 3401 543 3448 totidem
555 3401 727 3461 Epaminondae
740 3401 845 3450 tuissent.
860 3403 906 3452 Sed
917 3406 972 3448 tuuc
987 3406 1064 3450 omnis

138 3477 237 3526 quoque
252 3471 329 3514 emeut
339 3469 522 3528 opportunitatis
539 3480 626 3516 vacuae
642 3471 712 3524 teges.
