2452 3938
548 119 644 165 conon

120 219 179 276 aot
196 209 340 287 celatum,
355 210 526 289 uidimus,
546 211 598 293 qui
616 208 759 275 Sardibus
777 211 824 294 (l)
843 220 991 294 praeerat,
1007 105 1062 277 (1609

122 325 244 372 nouem
263 307 413 385 evocavit,
444 308 589 371 simulans
606 308 643 371 ad
669 327 769 388 regem
788 327 856 371 eum
884 327 917 372 se
930 309 1061 372 ,mittere
1160 374 1163 379 ,

120 405 219 483 velle,
233 423 341 484 magua
359 405 397 468 do
413 423 456 468 re.
470 404 565 468 Huius
575 405 685 469 nuncio
697 423 819 488 parens,
833 425 901 470 cum
917 406 1060 483 venisset,

120 501 163 565 in
184 501 304 564 vincula
328 502 482 565 coniectus
510 509 566 565 est:
593 502 625 565 in
656 502 765 585 quibus
788 503 962 585 aliquandiu
989 503 1058 565 fuit.

121 597 205 662 Iade
222 598 360 661 nonnulli
377 617 445 661 eum
461 600 500 661 ad
516 617 616 678 regem
635 598 809 677 abductum,
830 598 934 681 ibique¹
950 598 1061 681 periis-

122 714 176 774 se,
196 695 340 776 scriptum
355 695 551 777 reliquerunt.
569 695 677 760 Contra
694 716 742 774 ea,
756 696 854 760 Dinon
870 697 918 778 (2)
934 695 1059 758 histori-

125 811 199 870 cus,
215 792 266 854 cui
277 811 333 855 uos
347 792 509 873 plurimum
523 793 560 856 de
572 793 694 875 persicis
705 795 794 857 rebus
808 793 969 868 credimus,
986 793 1061 854 effu-

124 889 210 969 gissa
223 888 353 970 scripsit.
372 888 448 953 Illud
470 890 636 969 addubitat,
660 898 759 955 utrum
778 891 913 954 Tiribazo
933 890 1061 965 sciente,

125 1005 171 1049 an
193 984 398 1065 imprudente,
417 985 457 1048 sit
473 987 596 1049 lactum.

575 1271 614 1339 X.

505 1490 712 1575 DION.

173 1819 197 1910 lt
217 1819 309 1898 Dion,
324 1818 483 1903 Hipparini
501 1821 592 1897 filius,
611 1838 820 1901 syracusanus,
840 1820 935 1889 nobili
952 1835 1066 1898 genere

135 1924 234 1995 uatus,
259 1926 387 1998 utraque
404 1916 575 1999 implicatus
596 1917 751 1997 tyrannide
772 1907 979 2000 Dionysiorum
999 1918 1058 1999 (3).

134 2009 265 2097 Namque
288 2011 340 2075 ille
357 2012 494 2094 superior
516 2013 761 2090 Aristomachen,
787 2031 918 2076 sororem
936 2006 1059 2090 Dionis,

137 2107 288 2175 habult‘in
312 2109 515 2188 matrimonio,
539 2129 575 2173 ex
592 2129 651 2192 qua
673 2110 747 2172 duos
761 2110 838 2172 iiiios
863 2109 1060 2191 Hipparinum

137 2215 164 2271 ct
177 2206 325 2292 Nysacum
344 2208 522 2291 procrearit,
546 2207 731 2290 totidemque
749 2207 838 2284 illias,
859 2207 982 2270 nomine
1003 2203 1060 2269 So·

137 2304 296 2386 phrasinen
314 2315 344 2370 et
369 2306 501 2383 Areten,
521 2323 646 2385 quarum
666 2304 797 2388 priorem
819 2304 960 2386 Dionysio
981 2303 1059 2380 filio,

137 2402 229 2466 cidem
259 2405 308 2466 cui
334 2423 459 2484 regnum
476 2396 619 2485 reliquit,
640 2410 766 2485 nuptum
792 2403 896 2480 dedit3
922 2402 1059 2475 alteram,

136 2498 265 2578 Areten,
283 2499 382 2564 Dioni.
401 2498 478 2562 Dion
496 2508 616 2576 autem,
643 2509 761 2581 praeter
785 2499 916 2563 nobilem
934 2497 1060 2582 propin-

138 2598 279 2678 quitatem
295 2616 531 2680 generosamque
548 2597 695 2660 maiorum
720 2597 850 2674 lamam,
880 2597 973 2660 multa
1001 2594 1060 2657 alia

139 2703 277 2758 anatura
293 2694 399 2759 habuit
422 2696 512 2757 bona.
531 2694 565 2757 ln
581 2693 637 2756 ·his
654 2693 807 2773 ingenium
834 2692 942 2769 docile,
962 2709 1059 2765 come,

138 2800 237 2872 aptum
264 2791 302 2854 ad
328 2801 409 2855 artes
438 2793 583 2874 optimas;
612 2809 748 2869 maguam
771 2789 905 2872 corporis
929 2787 1059 2866 dignita-

117 2893 207 2979 ·tem,
231 2907 309 2969 quae
323 2909 385 2968 npn
401 2890 557 2953 minimum
579 2887 816 2966 commendatum
837 2904 958 2965 magnas
975 2902 1060 2966 prae·

166 3075 195 3134 li)
208 3077 274 3134 Quae
289 3075 401 3124 luituros
413 3077 498 3136 Lydiae
513 3076 590 3135 caput,
607 3075 683 3122 donec
699 3076 771 3134 Cyrus
786 3076 903 3135 Lydorum
917 3087 964 3136 rex,
973 3075 1060 3123 crosso

116 3200 118 3206 Ι
139 3145 247 3200 manante
260 3145 389 3202 prostravit
532 3140 534 3144 ’
1129 3146 1132 3151 “

166 3211 196 3272 (2)
210 3212 271 3258 viru
286 3212 418 3259 Artaxerxis
434 3212 493 3259 ocal
505 3215 529 3259 ct
541 3211 643 3272 Philippi
657 3212 791 3259 macedonis
803 3211 973 3270 celatamque
989 3212 1060 3258 roilus

138 3279 230 3338 persicis
244 3279 364 3326 historiam
377 3281 486 3339 exoravit,
500 3288 574 3338 synam
585 3282 649 3326 ochas
664 3281 732 3326 uobis
745 3278 837 3330 invidit.

164 3345 194 3406 id)
208 3345 309 3406 Dionysii
321 3349 393 3408 prisci
408 3349 548 3410 ct‘Dionysll
560 3349 667 3395 iunioris.
